@article{valenzuela1978tie,
    title = {{No Title}},
    year = {1978},
    journal = {Boundary-Layer Meteorology},
    author = {Valenzuela, G R},
    number = {1},
    pages = {61--85},
    volume = {13},
    publisher = {Springer}
}

@article{kuo2004inversion,
    title = {{Inversion and error estimation of GPS radio occultation data}},
    year = {2004},
    author = {Kuo, Y H and Wee, T K and Sokolovskiy, S and Rocken, C and Schreiner, W and Hunt, D and Anthes, R A},
    number = {1B},
    pages = {507--531},
    volume = {82},
    publisher = {J-STAGE},
    issn = {0026-1165}
}

@article{valenzuela1978tieb,
    title = {{No Title}},
    year = {1978},
    journal = {Boundary-Layer Meteorology},
    author = {Valenzuela, G R},
    number = {1},
    pages = {61--85},
    volume = {13},
    publisher = {Springer}
}

@article{lowe2002delay,
    title = {{A Delay/Doppler-Mapping Receiver System for GPS-Reflection Remote Sensing}},
    year = {2002},
    journal = {Geoscience and Remote Sensing, IEEE Transactions on},
    author = {Lowe, Stephen T and Kroger, Peter and Franklin, Garth and LaBrecque, John L and Lerma, Jesse and Lough, Michael and Marcin, Martin R and Muellerschoen, Ronald J and Spitzmesser, Donovan and Young, Larry E},
    number = {5},
    pages = {1150--1163},
    volume = {40},
    publisher = {IEEE}
}

@inproceedings{marchan2009ground,
    title = {{Ground-based GNSS-R measurements with the PAU instrument and their application to the sea surface salinity retrieval: First results}},
    year = {2008},
    booktitle = {IEEE International Geoscience and Remote Sensing Symposium, IGARSS 2008},
    author = {March{\'{a}}n-Hern{\'{a}}ndez, J F and Vall-llossera, M and Camps, A and Rodr{\'{i}}guez-{\'{A}}lvarez, N and Ramos-P{\'{e}}rez, I and Valencia, E and Bosch-Lluis, X and Talone, M and Tarongi, J M and Piles, M},
    pages = {530--533},
    volume = {4},
    address = {Boston, MA},
    doi = {10.1109/IGARSS.2008.4779775}
}

@article{Okamura2010,
    title = {{Electromagnetic wave propagation in rain and polarization effects.}},
    year = {2010},
    journal = {Proceedings of the Japan Academy. Series B, Physical and biological sciences},
    author = {Okamura, Sogo and Oguchi, Tomohiro},
    number = {6},
    month = {1},
    pages = {539--62},
    volume = {86},
    url = {http://www.ncbi.nlm.nih.gov/pubmed/20730226},
    issn = {1349-2896},
    pmid = {20551593}
}

@article{francis1974tms,
    title = {{A theory of medium-scale traveling ionospheric disturbances}},
    year = {1974},
    journal = {Journal of Geophysical Research},
    author = {Francis, S H},
    pages = {5245--5260},
    volume = {79}
}

@article{wentz1975tss,
    title = {{A two-scale scattering model for foam-free sea microwave brightness temperatures}},
    year = {1975},
    journal = {J. Geophys. Res},
    author = {Wentz, F J},
    number = {24},
    pages = {3441--3446},
    volume = {80},
    keywords = {microwave radiometry}
}

@article{afraimovich1992rdt,
    title = {{Refraction distortions of transionospheric radio signals caused by changes in a regular ionosphere and by travelling ionospheric disturbances}},
    year = {1992},
    journal = {Journal of Atmospheric and Terrestrial Physics},
    author = {Afraimovich, E L and Terekhov, A I and Udodov, M I and Fridman, S V},
    number = {7-8},
    pages = {1013--1020},
    volume = {54}
}

@article{gasiewski1994pme,
    title = {{Polarized microwave emission from water waves}},
    year = {1994},
    journal = {Radio Science},
    author = {Gasiewski, A J and Kunkee, D B},
    number = {6},
    volume = {29},
    keywords = {microwave radiometry}
}

@inproceedings{thompson2003doppler,
    title = {{Doppler analysis of GPS reflections from the ocean surface}},
    year = {2003},
    booktitle = {Geoscience and Remote Sensing Symposium, 2003. IGARSS'03. Proceedings. 2003 IEEE International},
    author = {Thompson, D R and Linstrom, L A and Gasparovic, R F and Elfouhaily, T M},
    pages = {4489--4491},
    volume = {7},
    organization = {IEEE}
}

@article{gar1998conf,
    title = {{The Application of Reflected GPS Signals to Ocean and Wetland Remote Sensing}},
    year = {1998},
    journal = {Proceedings of the 5th International Conference on Remote Sensing for Marine and Coastal Environments},
    author = {Garrison, J L and Katzberg, S J},
    pages = {522--529},
    volume = {1}
}

@article{stubbe1972electron,
    title = {{Electron energy transfer rates in the ionosphere}},
    year = {1972},
    journal = {Planetary and Space Science},
    author = {Stubbe, P and Varnum, W S},
    number = {8},
    pages = {1121--1126},
    volume = {20},
    publisher = {Elsevier}
}

@article{gorbunov2002canonical,
    title = {{Radioholographic analysis of radio occultation data in multipath zones}},
    year = {2002},
    journal = {Radio Science},
    author = {Gorbunov, M E},
    number = {5},
    pages = {1014},
    volume = {37},
    publisher = {American Geophysical Union},
    issn = {0048-6604}
}

@article{Clough1980a,
    title = {{OPTICAL AND INFRARED PROPERTIES OF THE ATMOSPHERE}},
    year = {1980},
    author = {Clough, S A and Kneizys, F X}
}

@article{jones1958aem,
    title = {{Asymptotic expansion of multiple integrals and the method of stationary phase}},
    year = {1958},
    journal = {J. Math. Phys},
    author = {Jones, D S and Kline, M},
    pages = {1--28},
    volume = {37}
}

@book{golomb1967shift,
    title = {{Shift register sequences}},
    year = {1967},
    author = {Golomb, Solomon W and Welch, Lloyd R and Goldstein, Richard M and Hales, Alfred W},
    volume = {51},
    publisher = {Holden-Day San Francisco}
}

@article{grippa2002vss,
    title = {{Validation of surface scattering models across large footprints for global scatterometer applications}},
    year = {2002},
    journal = {Geoscience and Remote Sensing, IEEE Transactions on},
    author = {Grippa, M and Woodhouse, I H},
    number = {10},
    pages = {2229--2233},
    volume = {40}
}

@article{occhipinti2008geomagnetic,
    title = {{Geomagnetic dependence of ionospheric disturbances induced by tsunamigenic internal gravity waves}},
    year = {2008},
    journal = {Geophysical Journal International},
    author = {Occhipinti, G and Kherani, E A and Lognonn{\'{e}}, P},
    number = {3},
    pages = {753--765},
    volume = {173},
    publisher = {[Oxford]: Published for the Royal Astronomical Society, the Deutsche Geophysikalische Gesellschaft, and the European Geophysical Society by Blackwell Scientific Publications, c1989-},
    keywords = {TID, tsunami}
}

@article{niedermeier2005wba,
    title = {{A wavelet-based algorithm to estimate ocean wave group parameters from radar images}},
    year = {2005},
    journal = {Geoscience and Remote Sensing, IEEE Transactions on},
    author = {Niedermeier, A and Borge, J C N and Lehner, S and Schultz-Stellenfleth, J},
    number = {2},
    pages = {327--336},
    volume = {43}
}

@article{garrisonagu09,
    title = {{Application of Wavelet Methods for the Detection and Analysis of Ionospheric Disturbances in GNSS Network Data}},
    year = {2009},
    journal = {Eos Trans. AGU, Fall Meet. Suppl},
    author = {Yang Y-M, Garrison J L and Lee, S-C},
    number = {52},
    volume = {90}
}

@article{clifford1998gso,
    title = {{GPS sounding of ocean surface waves: theoretical assessment}},
    year = {1998},
    journal = {Geoscience and Remote Sensing Symposium Proceedings, 1998. IGARSS'98. 1998 IEEE International},
    author = {Clifford, S F and Tatarskii, V I and Voronovich, A G and Zavorotny, V U},
    volume = {4},
    keywords = {physical oceanography}
}

@article{hickey2001acoustic,
    title = {{Acoustic wave heating of the thermosphere}},
    year = {2001},
    journal = {Journal of geophysical research},
    author = {Hickey, M P and Schubert, G and Walterscheid, R L},
    number = {A10},
    pages = {21543},
    volume = {106},
    publisher = {American Geophysical Union}
}

@article{cvetkovic2008wavelet,
    title = {{Wavelet transform feature extraction from human PPG, ECG, and EEG signal responses to ELF PEMF exposures: A pilot study}},
    year = {2008},
    journal = {Digital Signal Processing},
    author = {Cvetkovic, D and {\textbackslash}{\textbackslash}"Ubeyli, E D and Cosic, I},
    number = {5},
    pages = {861--874},
    volume = {18},
    publisher = {Elsevier},
    keywords = {feature extraction, wavelets}
}

@article{Champion1976a,
    title = {{Standard and Reference Atmospheres}},
    year = {1976},
    author = {Champion, K S W and Cole, A E and Kantor, A J},
    pages = {1--43}
}

@techreport{gomez2005three,
    title = {{Three Years of Global Positioning System Experience on International Space Station}},
    year = {2006},
    author = {Gomez, S and Center, N J S},
    number = {TP-2006-213168},
    month = {8},
    keywords = {multipath}
}

@article{keller1962geometrical,
    title = {{Geometrical theory of diffraction}},
    year = {1962},
    journal = {J. Opt. Soc. Am},
    author = {Keller, J B and {others}},
    number = {2},
    month = {2},
    pages = {116--130},
    volume = {52},
    keywords = {multipath, multipath model}
}

@article{Martin-Neira2011,
    title = {{The PARIS Ocean Altimeter In-Orbit Demonstrator}},
    year = {2011},
    journal = {IEEE Transactions on Geoscience and Remote Sensing},
    author = {Mart{\'{i}}n-Neira, Manuel and D'Addio, Salvatore and Buck, Christopher and Floury, Nicolas and Prieto-Cerdeira, Roberto},
    pages = {2209--2237},
    volume = {49},
    doi = {10.1109/TGRS.2010.2092431},
    issn = {0196-2892},
    keywords = {Global Navigation Satellite Systems (GNSS) reflect, ocean altimetry, passive reflectometry and interferometry system (P}
}

@article{liu2000sis,
    title = {{Seismo-ionospheric signatures prior to M>= 6.0 Taiwan earthquakes}},
    year = {2000},
    journal = {Geophysical Research Letters},
    author = {Liu, J Y and Chen, Y I and Pulinets, S A and Tsai, Y B and Chuo, Y J},
    number = {19},
    pages = {3113--3116},
    volume = {27}
}

@article{yueh1994psa,
    title = {{Polarimetric scattering and emission properties of targets with reflection symmetry (Paper 94RS02228)}},
    year = {1994},
    journal = {Radio Science},
    author = {Yueh, S H and Kwok, R and Nghiem, S V},
    number = {6},
    pages = {1409--1420},
    volume = {29},
    publisher = {[Washington] American Geophysical Union [etc.]},
    keywords = {microwave radiometry}
}

@inproceedings{von2008gras,
    title = {{GRAS Radio Occultation Measurements onboard Metop}},
    year = {2008},
    booktitle = {Proceeding of EUMETSAT meteorological conference, Darmstadt, Germany, EUMETSAT},
    author = {von Engeln, A and Andres, Y and Butenko, L and Klaes, D and Marquardt, C and O'Clerigh, E and Sancho, F},
    pages = {52}
}

@article{titheridge1968pdi,
    title = {{Periodic Disturbances in the Ionosphere}},
    year = {1968},
    journal = {Journal of Geophysical Research},
    author = {Titheridge, J E},
    pages = {243--252},
    volume = {73}
}

@article{drobzheva2003acoustic,
    title = {{The acoustic field in the atmosphere and ionosphere caused by a point explosion on the ground}},
    year = {2003},
    journal = {Journal of Atmospheric and Solar-Terrestrial Physics},
    author = {Drobzheva, V and {others}},
    number = {3},
    pages = {369--377},
    volume = {65},
    publisher = {Elsevier}
}

@article{glazman1982eii,
    title = {{An experimental implementation of interferometric techniques for sea level variation measurements and reflection coefficient phase determination}},
    year = {1982},
    journal = {Oceanic Engineering, IEEE Journal of},
    author = {Glazman, R},
    number = {4},
    pages = {155--160},
    volume = {7}
}

@article{afraimovich1999daa,
    title = {{Dynamics and anisotropy of traveling ionospheric disturbances as deduced from transionospheric sounding data}},
    journal = {Radio Science},
    author = {Afraimovich, E L and Boitman, O N and Zhovty, E I and Kalikhman, A D and Pirog, T G},
    number = {2},
    pages = {477--487},
    volume = {34}
}

@article{blanc1985oua,
    title = {{Observations in the upper atmosphere of infrasonic waves from natural or artificial sources-A summary}},
    year = {1985},
    journal = {Annales Geophysicae},
    author = {Blanc, E},
    pages = {673--687},
    volume = {3}
}

@article{schubert2005physical,
    title = {{Physical processes in acoustic wave heating of the thermosphere}},
    year = {2005},
    journal = {Journal of geophysical research. D, Atmospheres},
    author = {Schubert, G and Hickey, M P and Walterscheid, R L},
    number = {D7},
    volume = {110}
}

@article{pereyra1995acoustic,
    title = {{Acoustic ray tracing in complex 3D media}},
    year = {1995},
    journal = {Computational acoustics and its environmental applications},
    author = {Pereyra, V},
    pages = {237},
    publisher = {Computational Mechanics Publications}
}

@incollection{perry2009america,
    title = {{America's Strategic Posture: The Final Report of the Congressional Commission on the Strategic Posture of the United States}},
    year = {2009},
    booktitle = {United States Institute for Peace Press, Washington, DC},
    author = {Perry, W J and Schlesinger, J M and {others}},
    chapter = {9},
    pages = {81--87},
    publisher = {United States Institute of Peace Press},
    address = {Washington, DC},
    keywords = {ctbt}
}

@article{imamura1995rdg,
    title = {{Radiative damping of gravity waves in the terrestrial planetary atmospheres}},
    year = {1995},
    journal = {GEOPHYSICAL RESEARCH LETTERS},
    author = {Imamura, T and Ogawa, T},
    number = {3},
    pages = {267--270},
    volume = {22},
    publisher = {AGU AMERICAN GEOPHYSICAL UNION}
}

@article{Thakoor2002,
    title = {{Bioinspired engineering of exploration systems for NASA and DoD.}},
    year = {2002},
    journal = {Artificial life},
    author = {Thakoor, Sarita and Chahl, Javaan and Srinivasan, M V and Young, L and Werblin, Frank and Hine, Butler and Zornetzer, Steven},
    number = {4},
    month = {1},
    pages = {357--69},
    volume = {8},
    url = {http://www.ncbi.nlm.nih.gov/pubmed/12650645},
    doi = {10.1162/106454602321202426},
    issn = {1064-5462},
    pmid = {12650645},
    keywords = {Algorithms, Animals, Biomedical Engineering, Biomedical Engineering: instrumentation, Biomedical Engineering: statistics {\&} numerical dat, Humans, Insects, Mars, Optics and Photonics, Retina, Retina: physiology, Robotics, Space Flight, United States, United States National Aeronautics and Space Admin}
}

@article{williams1988generation,
    title = {{The generation and propagation of atmospheric gravity waves observed during the Worldwide Atmospheric Gravity-wave Study (WAGS)}},
    year = {1988},
    journal = {Journal of Atmospheric and Terrestrial Physics},
    author = {Williams, P J S and Crowley, G and Schlegel, K and Virdi, T S and McCrea, I and Watkins, G and Wade, N and Hargreaves, J K and Lachlan-Cope, T and Muller, H and {others}},
    number = {4-5},
    pages = {323--338},
    volume = {50},
    publisher = {Elsevier}
}

@article{clark1971interaction,
    title = {{Interaction of internal gravity waves with the ionospheric F2-layer}},
    year = {1971},
    journal = {Journal of Atmospheric and Terrestrial Physics},
    author = {Clark, R M and Yeh, K C and Liu, C H},
    number = {10},
    pages = {1567--1576},
    volume = {33},
    publisher = {Elsevier}
}

@article{treuhaft2001cga,
    title = {{2-cm GPS altimetry over Crater Lake}},
    year = {2001},
    journal = {Geophys. Res. Lett},
    author = {Treuhaft, R N and Lowe, S T and Zuffada, C and Chao, Y},
    number = {23},
    pages = {4343--4346},
    volume = {28},
    keywords = {scattering}
}

@article{najita1975idd,
    title = {{Ionospheric disturbances detected over Hawaii after the 1968 French thermonuclear explosion}},
    year = {1975},
    journal = {Annales de Geophysique},
    author = {Najita, K and Huang, Y N and Fang, G T N},
    pages = {301--310},
    volume = {31}
}

@article{sobjaerg_and_skou_igarss_2003,
    title = {{An airborne campaign measuring wind signatures from the sea surface using an L-band polarimetric radiometer}},
    year = {2003},
    journal = {IGARSS '03. Proceedings. 2003 IEEE International Geoscience and Remote Sensing Symposium, 2003.},
    author = {Sobjaerg, S S and Skou, N},
    month = {7},
    pages = {2738--2740},
    volume = {4},
    keywords = {microwave radiometry}
}

@article{somsikov1992smw,
    title = {{Spherical model of wave generation by the solar terminator in the ionosphere}},
    year = {1992},
    journal = {Geomagnetizm i Aeronomiia},
    author = {Somsikov, V M},
    number = {3},
    volume = {32}
}

@article{gorbunov2004comparative,
    title = {{Comparative analysis of radio occultation processing approaches based on Fourier integral operators}},
    year = {2004},
    journal = {Radio Sci},
    author = {Gorbunov, M E and Benzon, H H and Jensen, A S and Lohmann, M S and Nielsen, A S},
    number = {6},
    volume = {39},
    keywords = {ct, fsi, occultation}
}

@article{reul_and_chapron_igarss_2003,
    title = {{A simple algorithm for sea surface salinity retrieval from L-band radiometric measurements at nadir}},
    year = {2003},
    journal = {IGARSS '03. Proceedings. 2003 IEEE International Geoscience and Remote Sensing Symposium, 2003.},
    author = {Reul, N and Chapron, B},
    month = {7},
    pages = {2783--2785},
    volume = {4},
    keywords = {microwave radiometry}
}

@article{yueh1997mwd,
    title = {{Modeling of wind direction signals in polarimetric sea surfacebrightness temperatures}},
    year = {1997},
    journal = {IEEE Transactions on Geoscience and Remote Sensing},
    author = {Yueh, S H},
    number = {6},
    pages = {1400--1418},
    volume = {35},
    keywords = {microwave radiometry}
}

@article{Kuga2003,
    title = {{Ionospheric effects on SAR imaging: a numerical study}},
    year = {2003},
    journal = {IEEE Transactions on Geoscience and Remote Sensing},
    author = {Kuga, Y. and Ishimaru, a. and Freeman, a.},
    number = {5},
    month = {5},
    pages = {939--947},
    volume = {41},
    url = {http://ieeexplore.ieee.org/lpdocs/epic03/wrapper.htm?arnumber=1206717},
    doi = {10.1109/TGRS.2003.811813},
    issn = {0196-2892}
}

@article{hickey1988effects,
    title = {{Effects of eddy viscosity and thermal conduction and Coriolis force in the dynamics of gravity wave driven fluctuations in the OH nightglow}},
    year = {1988},
    journal = {Journal of Geophysical Research},
    author = {Hickey, M P},
    number = {A5},
    pages = {4077--4088},
    volume = {93},
    publisher = {American Geophysical Union}
}

@article{klein_and_swift_joe_1977,
    title = {{An improved model for the dielectric constant of sea water at microwave frequencies}},
    year = {1977},
    journal = {IEEE Journal of Oceanic Engineering},
    author = {Klein, L and Swift, C},
    number = {1},
    pages = {104--111},
    volume = {2},
    keywords = {microwave radiometry}
}

@article{hong2009regional,
    title = {{Regional source scaling of the 9 October 2006 underground nuclear explosion in North Korea}},
    year = {2009},
    journal = {Bulletin of the Seismological Society of America},
    author = {Hong, T K and Rhie, J},
    number = {4},
    pages = {2523},
    volume = {99}
}

@article{ruf2006rfi,
    title = {{RFI detection and mitigation for microwave radiometry with an agile digital detector}},
    year = {2006},
    journal = {Geoscience and Remote Sensing, IEEE Transactions on},
    author = {Ruf, C S and Gross, S M and Misra, S},
    number = {3},
    pages = {694--706},
    volume = {44},
    publisher = {IEEE},
    issn = {0196-2892}
}

@article{ao2003lower,
    title = {{Lower troposphere refractivity bias in GPS occultation retrievals}},
    year = {2003},
    journal = {J. Geophys. Res},
    author = {Ao, C O and Meehan, T K and Hajj, G A and Mannucci, A J and Beyerle, G},
    number = {D18},
    pages = {4577},
    volume = {108},
    keywords = {occultation}
}

@article{Kayton1989,
    title = {{Animal navigation: the ultimate neural network}},
    year = {1989},
    journal = {IEEE Aerospace and Electronic Systems Magazine},
    author = {Kayton, M.},
    number = {3},
    month = {3},
    pages = {3--7},
    volume = {4},
    url = {http://ieeexplore.ieee.org/lpdocs/epic03/wrapper.htm?arnumber=17932},
    doi = {10.1109/62.17932},
    issn = {08858985}
}

@book{le2009infrasound,
    title = {{Infrasound monitoring for atmospheric studies}},
    year = {2009},
    author = {Le Pichon, A and Blanc, E and Hauchecorne, A},
    publisher = {Springer Verlag}
}

@article{Yardim2009,
    title = {{Sensitivity analysis and performance estimation of refractivity from clutter techniques}},
    year = {2009},
    journal = {Radio Science},
    author = {Yardim, Caglar and Gerstoft, Peter and Hodgkiss, William S.},
    number = {1},
    month = {2},
    volume = {44},
    url = {http://www.agu.org/pubs/crossref/2009/2008RS003897.shtml},
    doi = {10.1029/2008RS003897},
    issn = {0048-6604}
}

@inproceedings{rlinami2000adaptive,
    title = {{An adaptive multipath mitigation technique for GPS signal reception}},
    year = {2000},
    booktitle = {2000 IEEE 51st Vehicular Technology Conference Proceedings, 2000. VTC 2000-Spring Tokyo},
    author = {Rlinami, M and Morikawa, H and Aoyama, T},
    volume = {2},
    keywords = {mutipath, signal processing}
}

@article{keller1990csa,
    title = {{Cross sections and modulation transfer functions at L and K u bands measured during the tower ocean wave and radar dependence experiment}},
    year = {1990},
    journal = {Journal of Geophysical Research},
    author = {Keller, W C and Plant, W J},
    number = {C9},
    pages = {16277--16289},
    volume = {95}
}

@article{kuo2004inversionb,
    title = {{Inversion and error estimation of GPS radio occultation data}},
    year = {2004},
    author = {Kuo, Y H and Wee, T K and Sokolovskiy, S and Rocken, C and Schreiner, W and Hunt, D and Anthes, R A},
    number = {1B},
    pages = {507--531},
    volume = {82},
    publisher = {J-STAGE},
    issn = {0026-1165}
}

@article{tsybulya2005mas,
    title = {{Medium- and small-scale ionospheric irregularities detected by GPS radio occultation method}},
    year = {2005},
    journal = {Geophysical Research Letters},
    author = {Tsybulya, K and Jakowski, N},
    number = {9},
    volume = {32}
}

@article{hickey_2010b,
    title = {{Wave mean flow interactions in the thermosphere induced by a major tsunami}},
    year = {2010},
    journal = {J. Geophys. Res},
    author = {Hickey, M P and Walterscheid, R L and Schubert, G},
    volume = {115},
    doi = {10.1029/2009JA014927}
}

@article{wentz2001aaq,
    title = {{Advanced algorithms for QuikScat and SeaWinds/AMSR}},
    year = {2001},
    journal = {Geoscience and Remote Sensing Symposium, 2001. IGARSS'01. IEEE 2001 International},
    author = {Wentz, F J and Smith, D K and Mears, C A and Gentemann, C L and Syst, R S and Santa Rosa, C A},
    volume = {3}
}

@article{cannon2006signal,
    title = {{Signal distortion on VHF/UHF transionospheric paths: First results from the Wideband Ionospheric Distortion Experiment}},
    year = {2006},
    journal = {Radio Science},
    author = {Cannon, P S and Groves, K and Fraser, D J and Donnelly, W J and Perrier, K},
    number = {5},
    volume = {41},
    publisher = {American Geophysical Union, 2000 Florida Ave, NW, Washington, DC, 20009-1277, USA,}
}

@article{depuev1995tcf,
    title = {{Temporal characteristics of F region wave-type irregularities from Doppler measurements at Moscow station}},
    year = {1995},
    journal = {GEOMAGNETISM AND AERONOMY C/C OF GEOMAGNETIZM I AERONOMIIA},
    author = {Depuev, V K},
    pages = {418--420},
    volume = {35},
    publisher = {AMERICAN GEOPHYSICAL UNION}
}

@techreport{esto2010,
    title = {{Earth Science Technology Office 2010 Annual Report}},
    year = {2010},
    institution = {NASA}
}

@article{levine2007,
    title = {{Aquarius: An Instrument to Monitor Sea Surface Salinity From Space}},
    year = {2007},
    journal = {IEEE Transactions on Geoscience and Remote Sensing},
    author = {Le Vine, D M and Lagerloef, G and Fernando, R C and Yueh, S H and Pellerano, F A},
    number = {7},
    pages = {2040--2050},
    volume = {45},
    keywords = {microwave radiometry}
}

@article{horstmann2001gws,
    title = {{Global wind speed retrieval from complex SAR data usingscatterometer models and neural networks}},
    year = {2001},
    journal = {Geoscience and Remote Sensing Symposium, 2001. IGARSS'01. IEEE 2001 International},
    author = {Horstmann, J and Lehner, S and Schiller, H},
    volume = {3}
}

@article{Calais03,
    title = {{Detection of ionospheric perturbation using a dense GPS array in Southern California}},
    year = {2003},
    journal = {Geophysical Research Letters},
    author = {Calais, E and Haase, J S and Minster, J B},
    pages = {1628},
    volume = {30}
}

@article{afraimovich2002sra,
    title = {{Simultaneous radio and optical observations of the mid-latitude atmospheric response to a major geomagnetic storm of 6--8 April 2000}},
    year = {2002},
    journal = {Journal of Atmospheric and Solar-Terrestrial Physics},
    author = {Afraimovich, E L and Ashkaliev, Y F and Aushev, V M and Beletsky, A B and Vodyannikov, V V and Leonovich, L A and Lesyuta, O S and Lipko, Y V and Mikhalev, A V and Yakovets, A F},
    number = {18},
    pages = {1943--1955},
    volume = {64},
    publisher = {Elsevier Science}
}

@article{hunsucker1982atmospheric,
    title = {{Atmospheric gravity waves generated in the high-latitude ionosphere. A review}},
    year = {1982},
    journal = {Rev. Geophys},
    author = {Hunsucker, R D},
    number = {2},
    pages = {293--315},
    volume = {20}
}

@book{Tsui00,
    title = {{Fundamentals of Global Positioning System Receivers - A Software Approach}},
    year = {2000},
    editor = {Tsui, J B Y},
    publisher = {John Wiley {\&} Sons, Inc. New York}
}

@article{wilson2001paa,
    title = {{Passive active L-and S-band (PALS) microwave sensor for oceansalinity and soil moisture measurements}},
    year = {2001},
    journal = {Geoscience and Remote Sensing, IEEE Transactions on},
    author = {Wilson, W J and Yueh, S H and Dinardo, S J and Chazanoff, S L and Kitiyakara, A and Li, F K and Rahmat-Samii, Y},
    number = {5},
    pages = {1039--1048},
    volume = {39},
    keywords = {microwave radiometry}
}

@article{afraimovich2001saw,
    title = {{The shock-acoustic waves generated by earthquakes}},
    year = {2001},
    journal = {Annales Geophysicae},
    author = {Afraimovich, E L and Perevalova, N P and Plotnikov, A V and Uralov, A M},
    pages = {395--409},
    volume = {19}
}

@inproceedings{lambrou1998classification,
    title = {{Classification of audio signals using statistical features on time and wavelet transform domains}},
    year = {1998},
    booktitle = {Acoustics, Speech and Signal Processing, 1998. Proceedings of the 1998 IEEE International Conference on},
    author = {Lambrou, T and Kudumakis, P and Speller, R and Sandler, M and Linney, A},
    pages = {3621--3624},
    volume = {6},
    organization = {IEEE}
}

@article{Xu2004a,
    title = {{A survey of ionospheric effects on space-based radar}},
    year = {2004},
    journal = {Waves in Random Media},
    author = {Xu, Zheng-Wen and Wu, Jian and Wu, Zhen-Sen},
    number = {2},
    month = {4},
    pages = {S189-S273},
    volume = {14},
    url = {http://www.informaworld.com/openurl?genre=article{\&}doi=10.1088/0959-7174/14/2/008{\&}magic=crossref||D404A21C5BB053405B1A640AFFD44AE3},
    doi = {10.1088/0959-7174/14/2/008},
    issn = {0959-7174}
}

@article{afraimovich2000saa,
    title = {{Statistical Angle-of-Arrival and Doppler Method for GPS Radio Interferometry of TIDS}},
    year = {2000},
    journal = {Advances in Space Research},
    author = {Afraimovich, E L and Palamartchouk, K S and Perevalova, N P},
    number = {6},
    pages = {1001--1004},
    volume = {26},
    publisher = {Elsevier Science}
}

@article{Hines60,
    title = {{Internal atmospheric gravity waves at ionospheric heights}},
    year = {1960},
    journal = {Canadian Journal of Physics},
    author = {Hines, C O},
    pages = {1441--1481},
    volume = {38}
}

@article{ruffini2002oir,
    title = {{Oceanpal: an instrument for remote sensing of the ocean and other water surfaces using GNSS reflections}},
    year = {2002},
    journal = {Proceeding of EuroGOOS},
    author = {Ruffini, G and Caparrini, M and Chapron, B and Soulat, F and Germain, O and Ruffini, L},
    pages = {3--6},
    keywords = {physical oceanography}
}

@article{shen2008igr,
    title = {{INTEGRATED GPS RECEIVER FOR REMOTE SENSING SEA STATE AND LAND COVER}},
    year = {2008},
    journal = {EARSeL eProceedings},
    author = {Shen, L C and Juang, J C and Ko, P Y and Tsai, C L and Tseng, C L},
    number = {1},
    pages = {46--58},
    volume = {7}
}

@article{tyler1968osr,
    title = {{Oblique-Scattering Radar Reflectivity of the Lunar Surface: Preliminary Results from Explorer 35}},
    year = {1968},
    journal = {JOURNAL OF GEOPHYSICAL RESEARCH},
    author = {Tyler, G L},
    pages = {7609--7620},
    volume = {73}
}

@article{li2006windsat,
    title = {{WindSat radio-frequency interference signature and its identification over land and ocean}},
    year = {2006},
    journal = {Geoscience and Remote Sensing, IEEE Transactions on},
    author = {Li, L and Gaiser, P W and Bettenhausen, M H and Johnston, W},
    number = {3},
    pages = {530--539},
    volume = {44},
    publisher = {IEEE},
    issn = {0196-2892}
}

@article{lacoss2006das,
    title = {{DATA ADAPTIVE SPECTRAL ANALYSIS METHODS}},
    year = {2006},
    journal = {Geophysics},
    author = {Lacoss, R T},
    number = {4},
    pages = {661--675},
    volume = {36},
    publisher = {Society of Exploration Geophysicists}
}

@article{ray1999mitigation,
    title = {{Mitigation of static carrier-phase multipath effects using multiple closely spaced antennas}},
    year = {1999},
    journal = {Navigation},
    author = {Ray, J K and Cannon, M E and Fenton, P C},
    number = {3},
    pages = {193--202},
    volume = {46},
    publisher = {Institute of Navigation},
    keywords = {antennas, multipath}
}

@article{Kwok1996,
    title = {{Infrared astronomy. The real water-bearer.}},
    year = {1996},
    journal = {Nature},
    author = {Kwok, S},
    number = {6571},
    month = {3},
    pages = {205},
    volume = {380},
    url = {http://www.ncbi.nlm.nih.gov/pubmed/17514298},
    doi = {10.1038/380205a0},
    issn = {0028-0836},
    pmid = {8637565},
    keywords = {Extraterrestrial Environment, Infrared, Oxygen, Oxygen: analysis, Spectrophotometry, Water, Water: analysis}
}

@article{bristow1996mom,
    title = {{Multiradar observations of medium-scale acoustic gravity waves using the Super Dual Auroral Radar Network}},
    year = {1996},
    journal = {Journal of Geophysical Research},
    author = {Bristow, W A and Greenwald, R A},
    number = {A11},
    pages = {24499--24511},
    volume = {101}
}

@article{foster1988radar,
    title = {{Radar observations of the onset of current driven instabilities in the topside ionosphere}},
    year = {1988},
    journal = {Geophysical research letters},
    author = {Foster, J C and Del Pozo, C and Groves, K and Maurice, J P S},
    number = {2},
    pages = {160--163},
    volume = {15},
    publisher = {American Geophysical Union}
}

@article{yuehPOLSCAT,
    title = {{Airborne Ku-Band Polarimetric Radar Remote Sensing of Terrestrial Snow Cover}},
    year = {2009},
    journal = {Geoscience and Remote Sensing, IEEE Transactions on},
    author = {Yueh, S H and Dinardo, S J and Akgiray, A and West, R and Cline, D W and Elder, K},
    number = {10},
    pages = {3347},
    volume = {47}
}

@incollection{papoulis4thorder,
    title = {{Probability, Random Variables, and Stochastic Processes}},
    year = {1991},
    author = {Papoulis, A},
    edition = {Third},
    pages = {197--198},
    publisher = {McGraw-Hill, Inc.}
}

@article{sobieski_etal_tgars_1991,
    title = {{Synergic inversion technique for active and passive microwave remote sensing of the ocean}},
    year = {1991},
    journal = {IEEE Transactions on Geoscience and Remote Sensing},
    author = {Sobieski, P and Guissard, A and Baufays, C},
    number = {3},
    month = {5},
    pages = {391--406},
    volume = {29},
    keywords = {microwave radiometry}
}

@book{holmes2007spread,
    title = {{Spread spectrum systems for GNSS and wireless communications}},
    year = {2007},
    author = {Holmes, Jack Kenneth},
    publisher = {Artech House}
}

@article{Lu1996a,
    title = {{High-latitude ionospheric electrodynamics as determined by the assimilative mapping of ionospheric electrodynamics procedure for the conjunctive SUNDIAL/ATLAS 1/GEM period of March 28}},
    year = {1996},
    journal = {Journal of Geophysical Research},
    author = {Lu, G.},
    number = {A12},
    pages = {26697--26718},
    volume = {101},
    doi = {10.1029/96JA00513}
}

@article{camps1998rsc,
    title = {{Radiometric sensitivity computation in aperture synthesisinterferometric radiometry}},
    year = {1998},
    journal = {Geoscience and Remote Sensing, IEEE Transactions on},
    author = {Camps, A and Corbella, I and Bara, J and Torres, F},
    number = {2},
    pages = {680--685},
    volume = {36},
    keywords = {microwave radiometry}
}

@article{lee1978lmp,
    title = {{Laboratory measurements of polarization radios of wind wave surfaces}},
    year = {1978},
    journal = {Antennas and Propagation, IEEE Transactions on [legacy, pre-1988]},
    author = {Lee, P},
    number = {2},
    pages = {302--306},
    volume = {26}
}

@article{breitling1967traveling,
    title = {{Traveling ionospheric disturbances associated with nuclear detonations}},
    year = {1967},
    journal = {Journal of Geophysical Research},
    author = {Breitling, W J and Kupferman, R A and Gassmann, G J},
    number = {1},
    pages = {307--315},
    volume = {72},
    publisher = {American Geophysical Union}
}

@article{bertin1975msg,
    title = {{Medium scale gravity waves in the ionospheric F-region and their possible origin in weather disturbances}},
    year = {1975},
    journal = {Planetary and Space Science},
    author = {Bertin, F and Testud, J and Kersley, L},
    number = {3},
    pages = {493--507},
    volume = {23}
}

@inproceedings{garrison_gnssr2010,
    title = {{Simulation of Bistatic Scattering of Signals of Opportunity}},
    year = {2010},
    booktitle = {GNSS-R},
    author = {Garrison, J L},
    month = {10},
    address = {Barcelona, Spain}
}

@article{elfouhaily2000dns,
    title = {{On deriving near-surface wind vector information from GPS oceanreflections: simulation and measurements}},
    year = {2000},
    journal = {Geoscience and Remote Sensing Symposium, 2000. Proceedings. IGARSS 2000. IEEE 2000 International},
    author = {Elfouhaily, T and Zuffada, C},
    volume = {7},
    keywords = {physical oceanography}
}

@article{bremmer1982geometrical,
    title = {{Geometrical optics solution of reflection from arbitrarily curved surface}},
    year = {1982},
    journal = {Radio Science},
    author = {Bremmer, H and Lee, S W},
    pages = {1117--1131},
    volume = {17},
    keywords = {multipath, multipath model}
}

@article{grant2004ter,
    title = {{Combined GPS Reflected Signal and Visual Imagery for Unsupervised Clustering and Terrain Classification}},
    year = {2004},
    journal = {Proceedings of the IEEE SoutheastCon},
    author = {Grant, M S and Katzberg, J S},
    pages = {370--377}
}

@article{mastersSMEX02,
    title = {{Airborne GPS Bistatic Radar Soil Moisture Measurements During SMEX02}},
    year = {2003},
    journal = {Proceedings of the IEEE Geoscience and Remote Sensing Symposium},
    author = {Masters, D and Katzberg, S J and Axelrad, P}
}

@article{Kantor1860a,
    title = {{ATMOSPHERIC TEMPERATURES , DENSITY ,}},
    year = {1860},
    journal = {Energy},
    author = {Kantor, A J and Cole, A E}
}

@article{yueh2001esa,
    title = {{Error sources and feasibility for microwave remote sensing of oceansurface salinity}},
    year = {2001},
    journal = {Geoscience and Remote Sensing, IEEE Transactions on},
    author = {Yueh, S H and West, R and Wilson, W J and Li, F K and Njoku, E G and Rahmat-Samii, Y},
    number = {5},
    pages = {1049--1060},
    volume = {39},
    keywords = {microwave radiometry}
}

@article{hocke1996rag,
    title = {{A review of atmospheric gravity waves and travelling ionospheric disturbances: 1982-1995}},
    year = {1996},
    journal = {Annales Geophysicae},
    author = {Hocke, K and Schlegel, K},
    number = {9},
    pages = {917--940},
    volume = {14},
    publisher = {Springer}
}

@article{Hsiao2000a,
    title = {{Modeling the Effects of Ionospheric Scintillation on GPS / SBAS Availability}},
    year = {2000},
    journal = {Development},
    author = {Hsiao, Tzong-yang},
    number = {August}
}

@article{silvestrin2001esa,
    title = {{ESA's second earth explorer opportunity mission: the soil moisture and ocean salinity mission-SMOS}},
    year = {2001},
    journal = {IEEE Geoscience and Remote Sensing Newsletter},
    author = {Silvestrin, P and Berger, M and Kerr, Y and Font, J},
    pages = {11--14},
    volume = {118}
}

@article{swift1991asc,
    title = {{Aperture synthesis concepts in microwave remote sensing of theEarth}},
    year = {1991},
    journal = {Microwave Theory and Techniques, IEEE Transactions on},
    author = {Swift, C T and LeVine, D M and Ruf, C S},
    number = {12},
    pages = {1931--1935},
    volume = {39}
}

@article{Calais98a,
    title = {{GPS, earthquakes, the ionosphere, and the Space Shuttle}},
    year = {1998},
    journal = {Physics of Earth and Planetary Interiors},
    author = {Calais, E and Minster, J B},
    pages = {167--181},
    volume = {105}
}

@article{artru2005ionospheric,
    title = {{Ionospheric detection of gravity waves induced by tsunamis}},
    year = {2005},
    journal = {Geophysical Journal International},
    author = {Artru, J and Ducic, V and Kanamori, H and Lognonn{\'{e}}, P and Murakami, M},
    number = {3},
    pages = {840--848},
    volume = {160},
    publisher = {[Oxford]: Published for the Royal Astronomical Society, the Deutsche Geophysikalische Gesellschaft, and the European Geophysical Society by Blackwell Scientific Publications, c1989-}
}

@article{reed1977atmospheric,
    title = {{Atmospheric attenuation of explosion waves}},
    year = {1977},
    journal = {The Journal of the Acoustical Society of America},
    author = {Reed, J W},
    pages = {39},
    volume = {61}
}

@article{lowe2000oam,
    title = {{An Ocean-Altimetry Measurement Using Reflected GPS Signals Observed From a Low-Altitude Aircraft}},
    year = {2000},
    journal = {On the CDROM of the Proceedings of IEEE International Geoscience and Remote Sensing Symposium (IGARSS), Honolulu, HI, July},
    author = {Lowe, S T and Zuffada, C and LaBrecque, J L and Lough, M and Lerma, J and Young, L E},
    pages = {24--28}
}

@article{Fritsche2005a,
    title = {{Impact of higher-order ionospheric terms on GPS estimates}},
    year = {2005},
    journal = {Geophysical Research Letters},
    author = {Fritsche, M. and Dietrich, R. and Kn{\"{o}}fel, C. and R{\"{u}}lke, A. and Vey, S. and Rothacher, M. and Steigenberger, P.},
    number = {23},
    pages = {1--5},
    volume = {32},
    url = {http://www.agu.org/pubs/crossref/2005/2005GL024342.shtml},
    doi = {10.1029/2005GL024342},
    issn = {0094-8276}
}

@article{holmes1978delay,
    title = {{Delay-lock-loop mean time to lose lock}},
    year = {1978},
    journal = {Communications, IEEE Transactions on},
    author = {Holmes, J and Biederman, L},
    number = {11},
    pages = {1549--1557},
    volume = {26},
    publisher = {IEEE},
    issn = {0090-6778}
}

@article{carlos1994abr,
    title = {{The Los Alamos beacon receiver array}},
    year = {1994},
    journal = {Geoscience and Remote Sensing, IEEE Transactions on},
    author = {Carlos, R C and Massey, R S},
    number = {4},
    pages = {954--958},
    volume = {32}
}

@article{Afraimovich00a,
    title = {{Observation of large-scale traveling ionospheric disturbances of auroral origin by global GPS networks}},
    year = {2000},
    journal = {Earth Planets Space},
    author = {Afraimovich, E L and Kosogorov, E A and Leonovich, L A and Palamartchouk, K S},
    pages = {669--674},
    volume = {52}
}

@article{friedman1966propagation,
    title = {{Propagation of internal gravity waves in a thermally stratified atmosphere}},
    year = {1966},
    journal = {Journal of Geophysical Research},
    author = {Friedman, J P},
    number = {4},
    pages = {1033--1054},
    volume = {71},
    publisher = {American Geophysical Union}
}

@inproceedings{garrison_igarss2009,
    title = {{Simulation of reflected BOC-modulated satellite navigation signals}},
    year = {2009},
    booktitle = {IGARSS},
    author = {Garrison, J L},
    month = {7},
    address = {Cape Town, South Africa}
}

@techreport{betz2004dirac,
    title = {{DirAc: an integrated circuit for direct acquisition of the M-code signal}},
    year = {2004},
    author = {Betz, John W and Fite, John D and Capozza, Paul T},
    institution = {DTIC Document}
}

@article{marks1995three,
    title = {{A three-dimensional nonhydrostatic ray-tracing model for gravity waves: Formulation and preliminary results for the middle atmosphere}},
    year = {1995},
    journal = {Journal of the Atmospheric Sciences},
    author = {Marks, C J and Eckermann, S D},
    number = {11},
    pages = {1959--1984},
    volume = {52},
    publisher = {American Meteorological Society},
    keywords = {TID, model}
}

@article{boutin2003usr,
    title = {{Uncertainties on salinity retrieved from SMOS measurements over global ocean}},
    year = {2003},
    journal = {Geoscience and Remote Sensing Symposium, 2003. IGARSS'03. Proceedings. 2003 IEEE International},
    author = {Boutin, J and Waldteufel, P and Martin, N and Kerr, Y and Caudal, G and Dinnat, E and Etcheto, J},
    volume = {1},
    keywords = {microwave radiometry}
}

@article{gabarro2004nem,
    title = {{A new empirical model of sea surface microwave emissivity for salinity remote sensing}},
    year = {2004},
    journal = {Geophys. Res. Lett},
    author = {Gabarr{\'{o}}, C and Font, J and Camps, A and Vall-llossera, M and Juli{\`{a}}, A},
    number = {L0},
    pages = {1309},
    volume = {31},
    keywords = {microwave radiometry}
}

@article{Garrison2006,
    title = {{An Extended Propagation Ephemeris for GNSS}},
    year = {2006},
    journal = {Navigation},
    author = {Garrison, James L and Eichel, Brenda E},
    number = {3},
    pages = {167--179},
    volume = {53}
}

@article{Afraimovich03,
    title = {{Traveling wave packets of total elevtron content disturbances as deduced from global GPS network data}},
    year = {2003},
    journal = {Journal of Atmospheric and Solar-Terrestrial Physics},
    author = {Afraimovich, E L and Perevalova, N P and Voyeiko, S V},
    pages = {1245--1262},
    volume = {65}
}

@article{Tsugawa04,
    title = {{A statistical study of large-scale traveling ionospheric disturbances using the GPS network in Japan}},
    year = {2004},
    journal = {Journal of Geophysical Research},
    author = {Tsugawa, T and Saito, A and Otsuka, Y},
    volume = {109}
}

@article{waldteufel2003soc,
    title = {{Selecting an optimal configuration for the Soil Moisture and Ocean Salinity mission}},
    year = {2003},
    journal = {Radio Sci},
    author = {Waldteufel, P and Boutin, J and Kerr, Y},
    number = {3},
    pages = {8051},
    volume = {38},
    publisher = {25 March 2003.},
    keywords = {microwave radiometry}
}

@article{pi1997mgi,
    title = {{Monitoring of global ionospheric irregularities using the worldwide GPS network}},
    year = {1997},
    journal = {Geophys. Res. Lett},
    author = {Pi, X and Mannucci, A J and Lindqwister, U J and Ho, C M},
    number = {18},
    pages = {2283--2286},
    volume = {24}
}

@article{kumar1997wavelet,
    title = {{Wavelet analysis for geophysical applications}},
    year = {1997},
    journal = {Reviews of Geophysics},
    author = {Kumar, P and Foutoula-Georgiou, E},
    number = {4},
    pages = {385--412},
    volume = {35},
    publisher = {Citeseer}
}

@article{laine1993texture,
    title = {{Texture classification by wavelet packet signatures}},
    year = {1993},
    journal = {IEEE Transactions on Pattern Analysis and Machine Intelligence},
    author = {Laine, A and Fan, J},
    number = {11},
    pages = {1186--1191},
    volume = {15},
    keywords = {feature extraction, pattern classification, wavelet}
}

@article{emery2000owa,
    title = {{Ocean Wind and Land Surface Student Satellite (OWLS)}},
    year = {2000},
    journal = {Geoscience and Remote Sensing Symposium, 2000. Proceedings. IGARSS 2000. IEEE 2000 International},
    author = {Emery, W J and Axelrad, P and Masters, D and Solomon, S and McGrath, M},
    volume = {7},
    keywords = {physical oceanography}
}

@article{sutton1973sam,
    title = {{Satellite-Aircraft Multipath and Ranging Experiment Results at L Band}},
    year = {1973},
    journal = {Communications, IEEE Transactions on [legacy, pre-1988]},
    author = {Sutton, R and Schroeder, E and Thompson, A and Wilson, S},
    number = {5},
    pages = {639--647},
    volume = {21}
}

@article{fung2001ibs,
    title = {{Incoherent bistatic scattering from the sea surface at L-band}},
    year = {2001},
    journal = {Geoscience and Remote Sensing, IEEE Transactions on},
    author = {Fung, A K and Zuffada, C and Hsieh, C Y},
    number = {5},
    pages = {1006--1012},
    volume = {39},
    keywords = {physical oceanography}
}

@article{camps_etal_tgars_2002,
    title = {{Sea surface emissivity observations at L-band: first results of the Wind and Salinity Experiment WISE 2000}},
    year = {2002},
    journal = {IEEE Transactions on Geoscience and Remote Sensing},
    author = {Camps, A and Font, J and Etcheto, J and Caselles, V and Weill, A and Corbella, I and Vall-Ilossera, M and Duffo, N and Torres, F and Villarino, R and Enrique, L and Julia, A and Gabarro, C and Boutin, J and Rubio, E and Reising, S C and Wursteisen, P and Berger, M and Martfn-Neira, M},
    number = {10},
    month = {10},
    pages = {2117--2130},
    volume = {40},
    keywords = {microwave radiometry}
}

@article{Jacobson95,
    title = {{Observations of traveling ionospheric disturbances with a satellite-beacon radio interferometer: Seasonal and local time behavior}},
    year = {1995},
    journal = {Journal of Geophysical Research},
    author = {Jacobson, A R and Carlos, R C and Massey, R S and Wu, G},
    number = {A2},
    pages = {1653--1665},
    volume = {100}
}

@article{peltier1976possible,
    title = {{On the possible detection of tsunamis by a monitoring of the ionosphere}},
    year = {1976},
    journal = {Journal of Geophysical Research},
    author = {Peltier, W R and Hines, C O},
    pages = {1995--2000},
    volume = {81}
}

@article{hines1967nti,
    title = {{On the Nature of Traveling Ionospheric Disturbances Launched by Low-Altitude Nuclear Explosions}},
    year = {1967},
    journal = {Journal of Geophysical Research},
    author = {Hines, C O},
    pages = {1877},
    volume = {72}
}

@inproceedings{braasch1996gps,
    title = {{GPS multipath model validation}},
    year = {1996},
    booktitle = {IEEE 1996 Position Location and Navigation Symposium, 1996.},
    author = {Braasch, M S},
    pages = {672--678},
    keywords = {multipath}
}

@article{holliday1991bew,
    title = {{Backscattering of electromagnetic waves from a perfectlyconducting, gently sloping surface of finite amplitude}},
    year = {1991},
    journal = {Antennas and Propagation, IEEE Transactions on},
    author = {Holliday, D and Logicon, R D A and Associates, R D and del Rey, C A},
    number = {2},
    pages = {251--252},
    volume = {39}
}

@article{Li2003a,
    title = {{REDUCTION OF ATMOSPHERIC WATER VAPOUR EFFECTS ON ENVISAT ASAR}},
    year = {2003},
    journal = {Archives},
    author = {Li, Zhenhong},
    keywords = {change detection, geodesy, integration, mapping, monitoring, radar, sar, surface}
}

@techreport{nasa_science_plan_2010,
    title = {{2010 Science Plan For NASA's Science Mission Directorate}},
    year = {2010},
    month = {7},
    institution = {NASA}
}

@article{waldock1986hdo,
    title = {{HF Doppler observations of medium-scale travelling ionospheric disturbances at mid-latitudes}},
    year = {1986},
    journal = {Journal of Atmospheric and Terrestrial Physics},
    author = {Waldock, J A and Jones, T B},
    pages = {245--260},
    volume = {48}
}

@article{Garrison1998a,
    title = {{The Application of Reflected GPS Signals to Ocean Remote Sensing}},
    year = {1998},
    journal = {Remote Sensing of Environment},
    author = {Garrison, James L and Katzberg, Stephen J},
    number = {2},
    pages = {175--187},
    volume = {73},
    url = {http://linkinghub.elsevier.com/retrieve/pii/S0034425700000924}
}

@article{Kursinski1997,
    title = {{Observing Earth's atmosphere with radio occultation measurements}},
    year = {1997},
    journal = {J. Geoph. Res.},
    author = {Kursinski, E R and Hajj, G A and Hardy, K R and Schofield, J T and Linfield, R},
    number = {23},
    pages = {429--23},
    volume = {102}
}

@techreport{oct_ta08,
    title = {{DRAFT Science Instruments , Observatories, and Sensor Systems Roadmap}},
    year = {2010},
    author = {Barney R.D., Bauman J J Feinberg L D Mccleese D J Singh U N and Stahl, H P},
    month = {11},
    institution = {NASA}
}

@article{Muradyan2010,
    title = {{GPS/INS navigation precision and its effect on airborne radio occultation retrieval accuracy}},
    year = {2010},
    journal = {GPS Solutions},
    author = {Muradyan, Paytsar and Haase, Jennifer S. and Xie, Feiqin and Garrison, James L. and Lulich, T and Voo, Justin},
    number = {3},
    month = {9},
    pages = {207--218},
    volume = {10.1007/s1},
    url = {http://www.springerlink.com/index/10.1007/s10291-010-0183-7},
    doi = {10.1007/s10291-010-0183-7},
    issn = {1080-5370},
    keywords = {gps, ins precision {\'{a}} airborne, occultation {\'{a}} retrieval accuracy, radio}
}

@article{Garrett1981,
    title = {{The charging of spacecraft surfaces}},
    year = {1981},
    journal = {Reviews of Geophysics},
    author = {Garrett, Henry Berry},
    number = {4},
    pages = {577},
    volume = {19},
    url = {http://www.agu.org/pubs/crossref/1981/RG019i004p00577.shtml},
    doi = {10.1029/RG019i004p00577},
    issn = {8755-1209}
}

@article{Xie2008,
    title = {{Profiling the Atmosphere Using the Airborne GPS Radio Occultation Technique: A Sensitivity Study}},
    year = {2008},
    journal = {Trans. IEEE Geosci. and Remote Sens.},
    author = {Xie, F and Haase, J S and Syndergaard, S},
    number = {11},
    pages = {3424--3435},
    volume = {46},
    keywords = {HIAPER radio occultation}
}

@article{Yunck1995a,
    title = {{GPS data, acquisition, environmental effects}},
    year = {1995},
    journal = {Reviews of Geophysics},
    author = {Yunck, Thomas P.},
    pages = {349--352},
    volume = {33},
    doi = {10.1029/95RG00550}
}

@article{Galushko98,
    title = {{Incoherent scatter radar observations of AGW/TID events generated by the moving solar teminator}},
    year = {1998},
    journal = {Annales Geophysicae},
    author = {Galushko, V G and Paznukhov, V V and Yampolski, Y M and Foster, J C},
    pages = {821--827},
    volume = {16}
}

@article{somsikov1995mfa,
    title = {{On mechanisms for the formation of atmospheric irregularities in the solar terminator region}},
    year = {1995},
    journal = {Journal of Atmospheric and Terrestrial Physics},
    author = {Somsikov, V M},
    number = {1},
    pages = {75--83},
    volume = {57}
}

@article{mercier1986oag,
    title = {{Observations of atmospheric gravity waves by radiointerferometry}},
    year = {1986},
    journal = {Journal of Atmospheric and Terrestrial Physics},
    author = {Mercier, C},
    pages = {605--624},
    volume = {48}
}

@article{byun2002development,
    title = {{Development and application of GPS signal multipath simulator}},
    year = {2002},
    journal = {Radio Science},
    author = {Byun, S H and Hajj, G A and Young, L E},
    number = {6},
    pages = {423--429},
    volume = {37},
    publisher = {American Geophysical Union},
    keywords = {multiapth, multipath model}
}

@article{zuffada2001cta,
    title = {{Coherence time and statistical properties of the GPS signalscattered off the ocean surface and their impact on the accuracy ofremote sensing of sea surface topography and winds}},
    year = {2001},
    journal = {Geoscience and Remote Sensing Symposium, 2001. IGARSS'01. IEEE 2001 International},
    author = {Zuffada, C and Zavorotny, V},
    volume = {7},
    keywords = {physical oceanography}
}

@article{Pietanza2010,
    title = {{[The AURORA study]}},
    year = {2010},
    journal = {Giornale italiano di cardiologia (2006)},
    author = {Pietanza, Stefania C and Schena, F Paolo and Vassanelli, Corrado},
    number = {6},
    month = {6},
    pages = {449--52},
    volume = {11},
    url = {http://www.ncbi.nlm.nih.gov/pubmed/20937697},
    issn = {1827-6806},
    pmid = {20922869}
}

@article{holmes1982coherent,
    title = {{Coherent spread spectrum systems}},
    year = {1982},
    journal = {New York, Wiley-Interscience, 1982. 636 p.},
    author = {Holmes, Jack Kenneth},
    volume = {1}
}

@article{artru2001normal,
    title = {{Normal modes modelling of post-seismic ionospheric oscillations}},
    year = {2001},
    journal = {Geophys. Res. Lett},
    author = {Artru, J and Lognonn{\'{e}}, P and Blanc, E},
    number = {4},
    pages = {697--700},
    volume = {28}
}

@article{zaslavski1998atm,
    title = {{Analysis of TEC measurements above active seismic regions}},
    year = {1998},
    journal = {Physics of the Earth and Planetary Interiors},
    author = {Zaslavski, Y and Parrot, M and Blanc, E},
    number = {3},
    pages = {219--228},
    volume = {105},
    publisher = {Elsevier Science}
}

@article{wickert2009gps,
    title = {{GPS radio occultation: results from CHAMP, GRACE and FORMOSAT-3/COSMIC}},
    year = {2009},
    journal = {Terr. Atmos. Oceanic Sci},
    author = {Wickert, J and Michalak, G and Schmidt, T and Beyerle, G and Cheng, C Z and Healy, S B and Heise, S and Huang, C Y and Jakowski, N and K{\textbackslash}{\textbackslash}"ohler, W and {others}},
    number = {1},
    pages = {35--50},
    volume = {20}
}

@article{katzbSMEX02,
    title = {{Utilizing calibrated GPS reflected signals to estimate soil reflectivity and dielectric constant: results from SMEX02}},
    year = {2005},
    journal = {Remote Sensing of Environment},
    author = {Katzberg, S J and Torres, O and Grant, M S and Masters, D},
    pages = {17--28},
    volume = {100},
    doi = {10.1016/j.rse.2005.09.015}
}

@article{Smarta,
    title = {{GALACTIC COSMIC RADIATION AND SOLAR ENERGETIC PARTICLES}},
    author = {Smart, D F and Shea, M A}
}

@article{woodward1952srf,
    title = {{The spectrum of random frequency modulation}},
    year = {1952},
    journal = {Telecommunications Research Establishement, Great Malvern, Worcs., England, Technical Memorandum},
    author = {Woodward, P M},
    number = {666}
}

@article{Rehrl2007a,
    title = {{The SemWay Project – Towards Semantic Navigation Systems}},
    year = {2007},
    journal = {Symposium A Quarterly Journal In Modern Foreign Literatures},
    author = {Rehrl, Karl and Leitinger, Sven and Gartner, Georg},
    keywords = {cognitive semantics, human wayfinding, pedestrian navigation, personal navigation}
}

@article{stogryn_tap_1988,
    title = {{The apparent temperature of the sea at microwave frequencies}},
    year = {1967},
    journal = {IEEE Transactions on Antennas and Propagation},
    author = {Stogryn, A},
    number = {2},
    month = {3},
    pages = {278--286},
    volume = {15},
    keywords = {microwave radiometry}
}

@article{ma1998csp,
    title = {{Case studies of the propagation characteristics of auroral TIDS with EISCAT CP2 data using maximum entropy cross-spectral analysis}},
    year = {1998},
    journal = {Annales Geophysicae},
    author = {Ma, S Y and Schlegel, K and Xu, J S},
    number = {2},
    pages = {161--167},
    volume = {16},
    publisher = {Springer}
}

@techreport{fitzgerald1992eks,
    title = {{The effects of 450 kg surface explosions at the E layer of the ionosphere. Los Alamos Source Region Project}},
    year = {1992},
    author = {Fitzgerald, T J and Carlos, R C},
    institution = {LA-UR--92-3393, Los Alamos National Lab., NM (United States)}
}

@article{Garrison1998c,
    title = {{Ill-Conditioned Covariance Matrices in the First-Order Two-Step Estimator}},
    year = {1998},
    journal = {Journal of guidance, control, and},
    author = {Garrison, JL and Axelrad, P and Kasdin, NJ},
    number = {5},
    pages = {754--760},
    volume = {21},
    url = {http://cat.inist.fr/?aModele=afficheN{\&}amp;cpsidt=10553118}
}

@article{Durney1972,
    title = {{Solar-Wind Properties at the Earth as Predicted by One-Fluid Models}},
    year = {1972},
    journal = {Journal of Geophysical Research},
    author = {Durney, B. R.},
    number = {22},
    pages = {4042--4051},
    volume = {77},
    url = {http://www.agu.org/pubs/crossref/1972/JA077i022p04042.shtml},
    doi = {10.1029/JA077i022p04042},
    issn = {0148-0227}
}

@techreport{archambeau1992ijs,
    title = {{Investigations of joint seismic and electromagnetic methods for nuclear test monitoring. Scientific report No. 1}},
    year = {1992},
    author = {Archambeau, C B and Davies, J B and Orrey, J},
    number = {AD-A258 597},
    month = {2},
    institution = {Phillips Laboratory, Hanscom AFB}
}

@article{huang2008secular,
    title = {{Secular variations of OH nightglow emission and of the OH intensity-weighted temperature induced by gravity-wave forcing in the MLT region}},
    year = {2008},
    journal = {Advances in Space Research},
    author = {Huang, T Y and Hickey, M},
    number = {9},
    pages = {1478--1487},
    volume = {41},
    publisher = {Elsevier}
}

@article{jacobson1992mct,
    title = {{A method for characterizing transient ionospheric disturbances using a large radiotelescope array}},
    year = {1992},
    journal = {Astronomy and Astrophysics},
    author = {Jacobson, A R and Erickson, W C},
    number = {1},
    pages = {401--409},
    volume = {257}
}

@inproceedings{Hoeg2011,
    title = {{Information content in reflected global navigation satellite system signals}},
    year = {2011},
    booktitle = {2011 2nd International Conference on Wireless Communication, Vehicular Technology, Information Theory and Aerospace {\&} Electronic Systems Technology (Wireless VITAE)},
    author = {Hoeg, Per and Carlstrom, Anders},
    month = {2},
    pages = {1--5},
    publisher = {IEEE},
    url = {http://ieeexplore.ieee.org/lpdocs/epic03/wrapper.htm?arnumber=5940894},
    organization = {DTU Space, Technical University of Denmark, DTU, Copenhagen, Denmark},
    isbn = {978-1-4577-0786-5},
    doi = {10.1109/WIRELESSVITAE.2011.5940894}
}

@article{ingalls1971fdb,
    title = {{Functional dependences of bistatic-radar frequency spectra and cross sections on surface scattering laws(Bistatic radar frequency spectra and cross sections dependence on surface scattering laws, studying echo bandwidth)}},
    year = {1971},
    journal = {JOURNAL OF GEOPHYSICAL RESEARCH},
    author = {I TYLER, G L and NGALLS, D H H},
    pages = {4775--4785},
    volume = {76}
}

@article{Rogers2000a,
    title = {{Estimating evaporation duct heights from radar sea echo We show results for both dependencies and note that the o provides the best agreement with our measurements . It should be noted that}},
    year = {2000},
    author = {Rogers, L Ted and Hattan, Claude P and Stapleton, Janet K},
    number = {4},
    pages = {955--966},
    volume = {35}
}

@article{artru2004acoustic,
    title = {{Acoustic waves generated from seismic surface waves: propagation properties determined from Doppler sounding observations and normal-mode modelling}},
    year = {2004},
    journal = {Geophysical Journal International},
    author = {Artru, J and Farges, T and Lognonne, P},
    number = {3},
    pages = {1067--1077},
    volume = {158},
    publisher = {[Oxford]: Published for the Royal Astronomical Society, the Deutsche Geophysikalische Gesellschaft, and the European Geophysical Society by Blackwell Scientific Publications, c1989-},
    keywords = {TID}
}

@article{Singh2006a,
    title = {{Improved positioning by addition of atmospheric corrections to local area differential GPS}},
    year = {2006},
    journal = {Radio Science},
    author = {Singh, Malkiat and Reilly, Michael H.},
    number = {5},
    pages = {1--7},
    volume = {41},
    url = {http://www.agu.org/pubs/crossref/2006/2005RS003339.shtml},
    doi = {10.1029/2005RS003339},
    issn = {0048-6604}
}

@article{Emery2003a,
    title = {{Sampling the mesoscale ocean surface currents with various satellite altimeter configurations}},
    year = {2003},
    journal = {IGARSS 2003. 2003 IEEE International Geoscience and Remote Sensing Symposium. Proceedings (IEEE Cat. No.03CH37477)},
    author = {Emery, W.J. and Baldwin, D. and Matthews, D.},
    volume = {2},
    isbn = {0-7803-7929-2},
    doi = {10.1109/IGARSS.2003.1293931},
    issn = {0196-2892}
}

@article{tyler1973dfb,
    title = {{Dual-frequency bistatic-radar investigations of the moon with Apollos 14 and 15(Dual frequency bistatic radar lunar investigations from Apollo 14 and 15 echo spectra)}},
    year = {1973},
    journal = {Journal of Geophysical Research},
    author = {TYLER, G L and HOWARD, H T},
    pages = {4852--4874},
    volume = {78}
}

@techreport{nas_2002,
    title = {{Technical Issues Related to the Comprehensive Nuclear Test Ban Treaty}},
    year = {2002},
    author = {on Technical Issues Related to Ratification of the Comprehensive Nuclear Test Ban Treaty, Committee on International Security and Arms Control, National Academy of Sciences},
    institution = {National Academy of Sciences},
    address = {Washington, DC},
    keywords = {UGT, nuclear test}
}

@techreport{laur-92-4261,
    title = {{Integrated Verification Experiment Data Collected as Part of the Los Alamos National Laboratory's Source Region Program}},
    year = {1993},
    author = {Fitzgerald, T J and Carlos, R C and Argo, P E},
    number = {LAUR-92-4261},
    month = {1},
    volume = {Appendix D},
    institution = {Los Alamos National Lab.},
    address = {Los Alamos, New Mexico},
    keywords = {UGT, ionosphere, nuclear test}
}

@article{blanc1984iaw,
    title = {{Interaction of an acoustic wave of artificial origin with the ionosphere as observed by vertical HF sounding at total reflection levels}},
    year = {1984},
    journal = {Radio Science},
    author = {Blanc, E},
    pages = {653--664},
    volume = {19}
}

@article{thompson2005igo,
    title = {{An improved geometrical optics model for bistatic GPS scattering from the ocean surface}},
    year = {2005},
    journal = {Geoscience and Remote Sensing, IEEE Transactions on},
    author = {Thompson, DR R and Elfouhaily, TM M and Garrison, J L},
    number = {12},
    pages = {2810--2821},
    volume = {43},
    url = {http://ieeexplore.ieee.org/xpls/abs{\_}all.jsp?arnumber=1542352}
}

@article{cox1954sss,
    title = {{Statistics of the sea surface derived from sun glitter}},
    year = {1954},
    journal = {J. Mar. Res},
    author = {Cox, C and Munk, W},
    number = {2},
    pages = {198--227},
    volume = {13},
    keywords = {physical oceanography}
}

@article{pittner1999feature,
    title = {{Feature extraction from wavelet coefficients for pattern recognition tasks}},
    year = {1999},
    journal = {Pattern Analysis and Machine Intelligence, IEEE Transactions on},
    author = {Pittner, S and Kamarthi, S V},
    number = {1},
    pages = {83--88},
    volume = {21},
    publisher = {IEEE}
}

@article{gabarro2004dss,
    title = {{Determination of sea surface salinity and wind speed by L-band microwave radiometry from a fixed platform}},
    year = {2004},
    journal = {International Journal of Remote Sensing},
    author = {Gabarro, C and Vall-Llossera, M and Font, J and Camps, A},
    number = {1},
    pages = {111--128},
    volume = {25},
    publisher = {Taylor and Francis Ltd},
    keywords = {microwave radiometry}
}

@article{Morton2009a,
    title = {{Assessment of second-order ionosphere error in GPS range observables using Arecibo incoherent scatter radar measurements}},
    year = {2009},
    journal = {Radio Science},
    author = {Morton, Yu T. and Zhou, Qihou and van Graas, Frank},
    number = {1},
    month = {1},
    volume = {44},
    url = {http://www.agu.org/pubs/crossref/2009/2008RS003888.shtml},
    doi = {10.1029/2008RS003888},
    issn = {0048-6604}
}

@article{zavorotny2000sgs,
    title = {{Scattering of GPS signals from the ocean with wind remote sensing application}},
    year = {2000},
    journal = {IEEE Transactions on Geoscience and Remote Sensing},
    author = {Zavorotny, V.U. and Voronovich, A.G.},
    number = {2},
    month = {3},
    pages = {951--964},
    volume = {38},
    url = {http://ieeexplore.ieee.org/lpdocs/epic03/wrapper.htm?arnumber=841977},
    doi = {10.1109/36.841977},
    issn = {01962892}
}

@article{tansel1993monitoring,
    title = {{Monitoring drill conditions with wavelet based encoding and neural networks}},
    year = {1993},
    journal = {International Journal of Machine Tools and Manufacture},
    author = {Tansel, I N and Mekdeci, C and Rodriguez, O and Uragun, B},
    number = {4},
    pages = {559--575},
    volume = {33},
    publisher = {Elsevier}
}

@article{garrison1998esr,
    title = {{Effect of sea roughness on bistatically scattered range coded signals from the Global Positioning System}},
    year = {1998},
    journal = {Geophys. Res. Lett},
    author = {Garrison, James L and Katzberg, Stephen J and Hill, Michael I},
    number = {13},
    pages = {2257--2260},
    volume = {25}
}

@article{Iida2001a,
    title = {{Goal-Directed Navigation of an Autonomous Flying Robot}},
    year = {2001},
    journal = {Symposium A Quarterly Journal In Modern Foreign Literatures},
    author = {Iida, Fumiya},
    number = {April},
    pages = {19--21}
}

@article{Gleason2007a,
    title = {{Reflecting on GPS Sensing Land and Ice from Low Earth Orbit}},
    year = {2007},
    journal = {GPS World},
    author = {Gleason, S},
    month = {10},
    pages = {44--49},
    url = {http://www.gpsworld.com}
}

@article{foster2005quantifying,
    title = {{Quantifying the uncertainty in passive microwave snow water equivalent observations}},
    year = {2005},
    journal = {Remote Sensing of Environment},
    author = {Foster, J L and Sun, C and Walker, J P and Kelly, R and Chang, A and Dong, J and Powell, H},
    number = {2},
    pages = {187--203},
    volume = {94},
    publisher = {Elsevier},
    issn = {0034-4257}
}

@article{jones1977amm,
    title = {{Aircraft measurements of the microwave scattering signature of the ocean}},
    year = {1977},
    journal = {Antennas and Propagation, IEEE Transactions on [legacy, pre-1988]},
    author = {Jones, W and Schroeder, L and Mitchell, J},
    number = {1},
    pages = {52--61},
    volume = {25}
}

@article{afraimovich2002rir,
    title = {{Registration of Ionospheric Responses to Shock Acoustic Waves Generated by Carrier Rocket Launches}},
    year = {2002},
    journal = {Geomagnetism and Aeronomy},
    author = {Afraimovich, E L and Perevalova, N P and Plotnikov, A V},
    number = {6},
    pages = {755--762},
    volume = {42}
}

@article{dautermann2009lithosphere,
    title = {{Lithosphere-atmosphere-ionosphere coupling after the 2003 explosive eruption of the Soufriere Hills Volcano, Montserrat}},
    year = {2009},
    journal = {Geophysical Journal International},
    author = {Dautermann, T and Calais, E and Lognonn{\'{e}}, P and Mattioli, G S},
    number = {3},
    pages = {1537--1546},
    volume = {179},
    publisher = {Blackwell Publishing Ltd}
}

@article{Flock1983a,
    title = {{Propagation Effects on Satellite Systems at Frequencies . Below 10 GHz for Satellite Systems Design i Propagation Effects on Satellite Systems at Frequencies Below 10 GHz}},
    year = {1983},
    author = {Flock, L}
}

@inproceedings{xunxie2008first,
    title = {{First results of GNSS-R coastal experiment in China}},
    year = {2008},
    booktitle = {Geoscience and Remote Sensing Symposium, 2007. IGARSS 2007. IEEE International},
    author = {Xunxie, Z and Xin, W and Lianjun, S and Qiang, S and Xiong, H and Ruffini, G and Stephen, D and Soulat, F},
    pages = {5088--5092},
    organization = {IEEE}
}

@article{stiles2002irs,
    title = {{Impact of rain on spaceborne Ku-band wind scatterometer data}},
    year = {2002},
    journal = {Geoscience and Remote Sensing, IEEE Transactions on},
    author = {Stiles, B W and Yueh, S H},
    number = {9},
    pages = {1973--1983},
    volume = {40}
}

@article{wilson_etal_igarss_2003,
    title = {{Precision ocean salinity measurements using the Passive Active L/S-band aircraft instrument}},
    year = {2003},
    journal = {IGARSS '03. Proceedings. 2003 IEEE International Geoscience and Remote Sensing Symposium, 2003.},
    author = {Wilson, W J and Yueh, S H and Dinardo, S and Chao, Yi and Li, Fuk},
    month = {7},
    pages = {2792--2794},
    volume = {4},
    keywords = {microwave radiometry}
}

@techreport{wouters1971ionospheric,
    title = {{Ionospheric disturbances due to underground nuclear explosions and other sources: an elementary discussion, Part I}},
    year = {1971},
    author = {Wouters, L F},
    institution = {UCID--16784, California Univ., Livermore (USA). Lawrence Livermore Lab.}
}

@article{Colea,
    title = {{Chapter 17}},
    journal = {Area},
    author = {Cole, A E and Kantor, A J},
    pages = {1--56}
}

@article{Kouba03,
    title = {{A Guide to Using International GPS Service (IGS) Products}},
    year = {2003},
    author = {Kouba, J}
}

@book{leveque2002finite,
    title = {{Finite volume methods for hyperbolic problems}},
    year = {2002},
    author = {LeVeque, R J},
    publisher = {Cambridge Univ Pr}
}

@inproceedings{sokolovskiy_cosmic_2009,
    title = {{Uncertainty of the GPS RO inversions in the lower troposphere in the lower troposphere}},
    year = {2009},
    booktitle = {4th COSMIC Data Users Workshop},
    author = {Sokolovskiy, S and Rocken, C and Schreiner, W and Hunt, D},
    month = {10},
    keywords = {occultation}
}

@article{Lin1999a,
    title = {{Relationship between GPS signals reflected from sea surfaces and surface winds : Modeling results and comparisons with aircraft measurements}},
    year = {1999},
    journal = {Journal of geophysical Research},
    author = {Lin, B and Katzberg, SJ and Garrison, JL},
    number = {C9},
    pages = {20713--20727},
    volume = {104},
    url = {http://www.agu.org/pubs/crossref/1999/1999JC900176.shtml}
}

@techreport{goldflam1984,
    title = {{Ionospheric Gravity Waves from Nuclear Surface Bursts}},
    year = {1984},
    author = {Goldflam, R and McCartor, G and Wortman, B},
    number = {MRC-R-825},
    institution = {Mission Research Corporation}
}

@article{Marchan-Hernandez2009a,
    title = {{An Efficient Algorithm to the Simulation of Delay {\&} Doppler Maps of Reflected Global Navigation Satellite System Signals}},
    year = {2009},
    journal = {IEEE Transactions on Geoscience and Remote Sensing},
    author = {Marchan-Hernandez, J.F. and Camps, A. and Rodriguez-Alvarez, N. and Valencia, E. and Bosch-Lluis, X. and Ramos-Perez, I.},
    volume = {47},
    doi = {10.1109/TGRS.2009.2014465},
    issn = {0196-2892},
    keywords = {Delay {\&} Doppler map (DDM), reflected Global Navigation Satellite System (GNSS, reflectometer}
}

@book{kelley89,
    title = {{The Earth's Ionosphere}},
    year = {1989},
    author = {Kelley, M C},
    publisher = {Academic Press Inc.}
}

@article{monaldo1995rto,
    title = {{Real-time observations of Southern Ocean wave fields from theShuttle Imaging Radar}},
    year = {1995},
    journal = {Geoscience and Remote Sensing, IEEE Transactions on},
    author = {Monaldo, F M and Beal, R C},
    number = {4},
    pages = {942--949},
    volume = {33}
}

@techreport{decat-gane,
    title = {{Dynamic Environement Communications Analysis Testbed (DECAT) Post-Flight Analysis for Global Positioning System (GPS) Attitude and Navigation Experiment (GANE)}},
    year = {1997},
    author = {adkins, aa. and tran, tn},
    number = {HECEVAH5},
    month = {1},
    institution = {Lockheed Martin Space Mission Systems {\&} Services},
    keywords = {multipath}
}

@book{tsui2001digital,
    title = {{Digital Techniques for Wideband Receivers, Artech House}},
    year = {2001},
    author = {Tsui, J},
    publisher = {Artech House}
}

@inproceedings{weiss2007estimation,
    title = {{Estimation of simplified reflection coefficients for improved modeling of urban multipath}},
    year = {2007},
    booktitle = {Proc. ION 63rd Annual Meeting},
    author = {Weiss, J P and Axelrad, P and Dempster, A G and Rizos, C and Lim, S},
    month = {4},
    pages = {635--643},
    volume = {7},
    publisher = {Institute of Navigation},
    organization = {Citeseer},
    keywords = {multipath}
}

@article{marchansea,
    title = {{Sea-State Determination Using GNSS-R Data}},
    journal = {Geoscience and Remote Sensing Letters, IEEE},
    author = {Marchan-Hernandez, J F and Valencia, E and Rodriguez-Alvarez, N and Ramos-Perez, I and Bosch-Lluis, X and Camps, A and Eugenio, F and Marcello, J},
    number = {99},
    pages = {621--625},
    publisher = {IEEE},
    issn = {1545-598X}
}

@article{you2004svm,
    title = {{Stochastic voltage model and experimental measurement of ocean-scattered GPS signal statistics}},
    year = {2004},
    journal = {Geoscience and Remote Sensing, IEEE Transactions on},
    author = {You, H and Garrison, JL L and Heckler, G and Zavorotny, VU U},
    number = {10},
    pages = {2160--2169},
    volume = {42},
    url = {http://ieeexplore.ieee.org/xpls/abs{\_}all.jsp?arnumber=1344167}
}

@inproceedings{vone2009,
    title = {{GRAS Radio Occultation Measurements onboard METOP}},
    year = {2009},
    booktitle = {Fourth FORMOSAT-3/COSMIC Data Users Workshop, 27-29 October 2009},
    author = {von Engeln, A},
    address = {Boulder, CO}
}

@inproceedings{mckague2010characterization,
    title = {{Characterization of K-band radio frequency interference from AMSR-E, WindSat and SSM/I}},
    booktitle = {Geoscience and Remote Sensing Symposium (IGARSS), 2010 IEEE International},
    author = {McKague, D and Puckett, J J and Ruf, C},
    pages = {2492--2494},
    organization = {IEEE},
    issn = {2153-6996}
}

@article{astafyeva2009two,
    title = {{Two-mode long-distance propagation of coseismic ionosphere disturbances}},
    year = {2009},
    journal = {Journal of Geophysical Research-Space Physics},
    author = {Astafyeva, E and Heki, K and Kiryushkin, V and Afraimovich, E and Shalimov, S},
    number = {A10},
    pages = {A10307},
    volume = {114},
    publisher = {American Geophysical Union}
}

@article{soares2006retinal,
    title = {{Retinal vessel segmentation using the 2-D Gabor wavelet and supervised classification}},
    year = {2006},
    journal = {Medical Imaging, IEEE Transactions on},
    author = {Soares, J V B and Leandro, J J G and Cesar, R M and Jelinek, H F and Cree, M J},
    number = {9},
    pages = {1214--1222},
    volume = {25},
    publisher = {IEEE}
}

@article{poli2008,
    title = {{Preliminary assessment of the scalability of GPS radio occultations impact in numerical weather prediction}},
    year = {2008},
    journal = {Geophys. Res. Lett.},
    author = {Poli, P and Healy, S B and Rabier, F and Pailleux, J},
    number = {23},
    pages = {L23811},
    volume = {35},
    keywords = {data assimilation numerical weather prediction GPS}
}

@article{somsikov1991wad,
    title = {{Waves in the atmosphere due to the solar terminator (Review)}},
    year = {1991},
    journal = {Geomagnetizm i Aeronomiia},
    author = {Somsikov, V M},
    pages = {1--12},
    volume = {31}
}

@article{Moreau2000,
    title = {{GPS receiver architecture and expected performance for autonomous navigation in high earth orbits}},
    year = {2000},
    journal = {Navigation},
    author = {Moreau, MC and Axelrad, P and Garrison, JL and Long, A},
    number = {3},
    pages = {191--204},
    volume = {47},
    url = {http://emergentspace.com/gps{\_}pubs/mcm{\_}JofNav{\_}HEOreceiver.pdf}
}

@article{allen1999extension,
    title = {{Extension of the Microwave Emission Model of Layered Snowpacks to Coarse-Grained Snow-modelling and measurements}},
    year = {1999},
    journal = {Remote Sensing of Environment},
    author = {Matzler, C and Wiesmann, A},
    number = {3},
    pages = {317--325},
    volume = {70},
    publisher = {Elsevier},
    issn = {0034-4257}
}

@article{snively2008excitation,
    title = {{Excitation of ducted gravity waves in the lower thermosphere by tropospheric sources}},
    year = {2008},
    journal = {J. Geophys. Res},
    author = {Snively, J B and Pasko, V P},
    volume = {113}
}

@article{walterscheid2001one,
    title = {{One-gas models with height-dependent mean molecular weight: Effects on gravity wave propagation}},
    year = {2001},
    journal = {Journal of Geophysical Research},
    author = {Walterscheid, R L and Hickey, M P},
    number = {A12},
    pages = {28831},
    volume = {106},
    publisher = {American Geophysical Union}
}

@article{Keskinen2009,
    title = {{Three-dimensional nonlinear evolution of equatorial ionospheric bubbles with gravity wave seeding and tidal wind effects}},
    year = {2009},
    journal = {Geophysical Research Letters},
    author = {Keskinen, M. J. and Vadas, Sharon L.},
    number = {12},
    month = {6},
    pages = {1--5},
    volume = {36},
    url = {http://www.agu.org/pubs/crossref/2009/2009GL037892.shtml},
    doi = {10.1029/2009GL037892},
    issn = {0094-8276}
}

@article{afraimovich1994css,
    title = {{Characteristics of small-scale ionospheric irregularities as deduced from scintillation observations of radio signals from satellites ETS-2 and Polar Bear 4 at Irkutsk}},
    year = {1994},
    journal = {Radio Science},
    author = {Afraimovich, E L and Zherebtsov, G A and Zvezdin, V N and Franke, S J},
    number = {4},
    pages = {839--855},
    volume = {29}
}

@article{Wanninger2000a,
    title = {{Ionospheric Disturbance Indices for RTK and Network RTK Positioning}},
    year = {2000},
    journal = {Network},
    author = {Wanninger, Lambert},
    pages = {2849--2854}
}

@article{walsh1985edw,
    title = {{Elimination of directional wave spectrum contamination from noise in elevation measurements}},
    year = {1985},
    journal = {Oceanic Engineering, IEEE Journal of},
    author = {Walsh, E and Hancock III, D and Hines, D and Swift, R and Scott, J},
    number = {4},
    pages = {376--381},
    volume = {10}
}

@article{glazman1981rim,
    title = {{Radio interferential measurements of sea level oscillations with large tidal amplitude}},
    year = {1981},
    journal = {Oceanic Engineering, IEEE Journal of},
    author = {Glazman, R},
    number = {3},
    pages = {73--76},
    volume = {6}
}

@article{elfouhaily2002dda,
    title = {{Delay-Doppler analysis of bistatically reflected signals from theocean surface: theory and application}},
    year = {2002},
    journal = {Geoscience and Remote Sensing, IEEE Transactions on},
    author = {Elfouhaily, T and Thompson, D R and Linstrom, L},
    number = {3},
    pages = {560--573},
    volume = {40}
}

@article{yueh_etal_tgars_1999,
    title = {{Polarimetric microwave brightness signatures of ocean wind directions}},
    year = {1999},
    journal = {IEEE Transactions on Geoscience and Remote Sensing},
    author = {Yueh, S H and Wilson, W J and Dinardo, S J and Li, F K},
    number = {2},
    month = {3},
    pages = {949--959},
    volume = {37},
    keywords = {microwave radiometry}
}

@article{Joly1964,
    title = {{[Atmospheric Electricity and Activity in Nature of a Urodele Amphibian: Salamandra Salamandra.]}},
    year = {1964},
    journal = {Comptes rendus hebdomadaires des s{\'{e}}ances de l'Acad{\'{e}}mie des sciences},
    author = {Joly, J and Lardry, M},
    month = {10},
    pages = {2920--2},
    volume = {259},
    url = {http://www.ncbi.nlm.nih.gov/pubmed/1799606},
    issn = {0001-4036},
    pmid = {14228196},
    keywords = {Air, Animal, Behavior, Electricity, Research, Seasons, Urodela, Weather}
}

@article{gourrion2002icb,
    title = {{Investigation of C-band altimeter cross section dependence on wind speed and sea state}},
    year = {2002},
    journal = {Can. J. Remote Sens},
    author = {Gourrion, J and Vandemark, D and Bailey, S and Chapron, B},
    pages = {484--489},
    volume = {28}
}

@article{necsoiu1994pru,
    title = {{Preliminary results in use of ERS-1 imagery for Black Sea coastal studies}},
    year = {1994},
    journal = {SAR data processing for remote sensing},
    author = {Necsoiu, M and Atkinson, S},
    pages = {171--181}
}

@article{schlittenhardt2010satellite,
    title = {{Satellite Earth observations support CTBT monitoring: A case study of the nuclear test in North Korea of Oct. 9, 2006 and comparison with seismic results}},
    year = {2010},
    journal = {Pure and Applied Geophysics},
    author = {Schlittenhardt, J and Canty, M and Grunberg, I},
    number = {4},
    pages = {601--618},
    volume = {167},
    publisher = {Springer}
}

@article{Sharma1981a,
    title = {{INFRARED AIRGLOW}},
    year = {1981},
    journal = {Reactions},
    author = {Sharma, R D},
    pages = {1--15}
}

@article{elachi1977mri,
    title = {{Models of radar imaging of the ocean surface waves}},
    year = {1977},
    journal = {Oceanic Engineering, IEEE Journal of},
    author = {Elachi, C and Brown Jr, W},
    number = {1},
    pages = {84--95},
    volume = {2}
}

@article{snively2010oh,
    title = {{{\{}OH{\}} and {\{}OI{\}} airglow layer modulation by ducted short-period gravity waves: Effects of trapping altitude}},
    year = {2010},
    journal = {Journal of Geophysical Research},
    author = {Snively, J B and Pasko, V P and Taylor, M J},
    number = {A11},
    pages = {A11311},
    volume = {115},
    publisher = {American Geophysical Union}
}

@article{warshaw1983ionospheric,
    title = {{Ionospheric Detection of Explosions}},
    year = {1983},
    journal = {Lawrence Livermore National Laboratory, Energy and Technology Review},
    author = {Warshaw, S I and Dubois, P F}
}

@article{camps2001sse,
    title = {{Sea Surface Emissivity Observations at L-band: Preliminary Results of the Wind and Salinity Experiment WISE-2000}},
    year = {2001},
    journal = {Proceedings of the International Geoscience and Remote Sensing Symposium, Sidney, Australia},
    author = {Camps, A and Corbella, I and Vall-llossera, M and Villarino, R and Enrique, L and Font, J and Juli{\`{a}}, A and Gabarr{\'{o}}, C and Etchetto, J and Boutin, J and {others}},
    pages = {9--13}
}

@article{brown2000multipath,
    title = {{Multipath rejection through spatial processing}},
    year = {2000},
    journal = {ION GPS-00, Salt Lake City, UT},
    author = {Brown, A},
    pages = {2330--2337},
    keywords = {multipath, signal processing}
}

@article{nolin2002src,
    title = {{Surface roughness characterizations of sea ice and ice sheets: case studies with MISR data}},
    year = {2002},
    journal = {Geoscience and Remote Sensing, IEEE Transactions on},
    author = {Nolin, A W and Fetterer, F M and Scambos, T A},
    number = {7},
    pages = {1605--1615},
    volume = {40}
}

@article{levine2004gna,
    title = {{Galactic noise and passive microwave remote sensing from space at L-band}},
    year = {2004},
    journal = {Geoscience and Remote Sensing, IEEE Transactions on},
    author = {Le Vine, D M and Abraham, S},
    number = {1},
    pages = {119--129},
    volume = {42},
    keywords = {microwave radiometry}
}

@article{yueh1994ppr,
    title = {{Polarimetric passive remote sensing of ocean wind vectors (Paper 94RS00450)}},
    year = {1994},
    journal = {Radio Science},
    author = {Yueh, S H and Kwok, R and Li, F K and Nghiem, S V and Wilson, W J and Kong, J A},
    number = {4},
    pages = {799--814},
    volume = {29},
    publisher = {[Washington] American Geophysical Union [etc.]},
    keywords = {microwave radiometry}
}

@article{heki2006explosion,
    title = {{Explosion energy of the 2004 eruption of the Asama Volcano, central Japan, inferred from ionospheric disturbances}},
    year = {2006},
    journal = {Geophysical Research Letters},
    author = {Heki, K},
    number = {14},
    pages = {L14303},
    volume = {33},
    issn = {0094-8276}
}

@article{shkarofsky1982computer,
    title = {{Computer modeling of multipath propagation- Review of ray-tracing techniques}},
    year = {1982},
    journal = {Radio Science},
    author = {Shkarofsky, I P and Nickerson, S B},
    number = {5},
    pages = {1133--1158},
    volume = {17},
    publisher = {American Geophysical Union, 2000 Florida Ave, NW, Washington, DC, 20009-1277, USA,},
    keywords = {multipath, multipath model}
}

@article{cardellach_mebex,
    title = {{Mediterranean Balloon Experiment: Ocean Wind Speed Sensing from the Stratosphere using GPS Reflections}},
    year = {2003},
    journal = {Remote Sensing of the Environment},
    author = {Cardellach, Estel and Ruffini, Giulio and Pino, David and Rius, Antonio and Komjathy, Attila and Garrison, James L},
    number = {3},
    month = {12},
    pages = {351--362},
    volume = {88},
    url = {http://linkinghub.elsevier.com/retrieve/pii/S0034425703001767},
    doi = {10.1016/S0034-4257(03)00176-7},
    issn = {00344257},
    keywords = {bistatic radar, global positioning system, gps, oceanography, scatterometry}
}

@inproceedings{harris2002evaluation,
    title = {{Evaluation, Refinement and Fusion of Software-Based Pseudorange Multipath Mitigation Techniques}},
    year = {2002},
    booktitle = {ION GPS 2002: 15 th International Technical Meeting of the Satellite Division of The Institute of Navigation; Portland, OR},
    author = {Harris, R B},
    month = {9},
    pages = {460--471},
    organization = {Institute of Navigation, 3975 University Drive, Suite 390, Fairfax, VA, 22030, USA,},
    keywords = {multipath, signal processing}
}

@article{dautermann2009global,
    title = {{Global Positioning System detection and energy estimation of the ionospheric wave caused by the 13 July 2003 explosion of the Soufri{\{}{\`{e}}{\}}re Hills Volcano, Montserrat}},
    year = {2009},
    journal = {Journal of Geophysical Research-Solid Earth},
    author = {Dautermann, T and Calais, E and Mattioli, G S},
    number = {B2},
    pages = {B02202},
    volume = {114},
    publisher = {American Geophysical Union}
}

@article{Martin-Neira1998a,
    title = {{Study of a constellation of bistatic radar altimeters for mesoscale ocean applications}},
    year = {1998},
    journal = {IEEE Transactions on Geoscience and Remote Sensing},
    author = {Martin-Neira, M. and Mavrocordatos, C. and Colzi, E.},
    volume = {36},
    doi = {10.1109/36.729361},
    issn = {0196-2892}
}

@article{Hudnut01,
    title = {{The Southern California Integrated GPS Network (SCIGN)}},
    year = {2001},
    journal = {The 10th FIG International Symposium on Deformation Measurements},
    author = {Hudnut, K W and Bock, Y and Galtetzka, J E and Webb, F H and Young, W H}
}

@article{Wilheit:Journal1979,
    title = {{A model for the microwave emissivity of the ocean's surface as a function of wind speed}},
    year = {1979},
    journal = {IEEE Trans. Geoscience Electronics},
    author = {Wilheit, T T},
    month = {10},
    pages = {244--249},
    volume = {GE-17(4)}
}

@inproceedings{moelker1997multiple,
    title = {{Multiple antennas for advanced GNSS multipath mitigation and multipath direction finding}},
    year = {1997},
    booktitle = {Proceedings of ION GPS},
    author = {Moelker, D},
    pages = {541--550},
    keywords = {antennas, multipath}
}

@article{fong2009formosat,
    title = {{FORMOSAT-3/COSMIC Spacecraft Constellation System, Mission Results, and Prospect for Follow-On Mission}},
    year = {2009},
    author = {Fong, C J and Yen, N L and Chu, C H and Yang, S K and Shiau, W T and Huang, C Y and Chi, S and Chen, S S and Liou, Y A and Kuo, Y H}
}

@book{Neter96,
    title = {{Applied Linear Statistical Models}},
    year = {1996},
    editor = {Neter, J and Kutner, M H and Nachtsheim, C J and Wassweman, W},
    edition = {4th ed.},
    publisher = {WCB McGraw-Hill Campanies, Incs}
}

@article{braasch1997autocorrelation,
    title = {{Autocorrelation sidelobe considerations in the characterization of multipath errors}},
    year = {1997},
    journal = {IEEE Transactions on Aerospace and Electronic Systems},
    author = {Braasch, M S},
    number = {1},
    pages = {290--295},
    volume = {33},
    keywords = {multipath}
}

@article{afraimovich2000uig,
    title = {{The use of the international GPS network as the global detector(GLOBDET) simultaneously observing sudden ionospheric disturbances}},
    year = {2000},
    journal = {Earth, Planets and Space},
    author = {Afraimovich, E L and Kosogorov, E},
    number = {11},
    pages = {1077--1082},
    volume = {52}
}

@inproceedings{sanz-1999,
    title = {{Multipath Effects in GPS Navigation for Rendez-Vous Operations}},
    year = {1999},
    booktitle = {4th ESA International Conference on Spacecraft Guidance, Naviagation and Control Systems},
    author = {Carrascosa-Sanz, C and Colmenarejo-Matellano, P and Mora-Castro, E J},
    month = {10},
    address = {ESTEC, Noordwijk, The Netherlands},
    keywords = {multipath, proximity operations}
}

@article{counselman1999multipath,
    title = {{Multipath-rejecting GPS antennas}},
    year = {1999},
    journal = {Proceedings of the IEEE},
    author = {Counselman III, C C},
    number = {1},
    pages = {86--91},
    volume = {87},
    keywords = {antennas, multipath}
}

@article{reichert2001carrier,
    title = {{Carrier-phase multipath corrections for GPS-based satellite attitude determination}},
    year = {2001},
    journal = {Navigation},
    author = {Reichert, A K and Axelrad, P},
    number = {2},
    pages = {77--88},
    volume = {48},
    publisher = {Institute of Navigation},
    keywords = {multipath}
}

@article{georges1970wif,
    title = {{Wave-Induced Fluctuations in Ionospheric Electron Content: A Model Indicating Some Observational Biases}},
    year = {1970},
    journal = {J. Geophys. Res},
    author = {Georges, T M and Hooke, W H},
    pages = {6295--6308},
    volume = {75},
    keywords = {TID, ionosphere}
}

@techreport{duncan1995investigation,
    title = {{Investigation of Ionospheric Disturbances and Associated Diagnostic Techniques.}},
    year = {1994},
    author = {Duncan, L M},
    number = {PL-TR-94-2309},
    month = {12},
    institution = {Clemson University},
    address = {E-204 Martin Hall, Clemson, SC, 29634-5310},
    keywords = {UGT, model, nuclear test}
}

@article{francis1975gpa,
    title = {{Global propagation of atmospheric gravity waves-A review}},
    year = {1975},
    journal = {IAU, IUGG, URSI, IUPAP, COSPAR, and SCOSTEP, International Solar-Terrestrial Physics Symposium, 4th, Sao Paulo, Brazil, June 17-24, 1974.) Journal of Atmospheric and Terrestrial Physics,},
    author = {Francis, S H},
    pages = {1011--1054},
    volume = {37}
}

@article{voo_grsl_draft,
    title = {{Estimation of Sea Surface Roughness Effects in Microwave Radiometric Measurements of Salinity Using Reflected Global Navigation Satellite System Signals}},
    year = {2011},
    journal = {Geoscience and Remote Sensing Letters, IEEE},
    author = {Garrison, JL L A and Voo, JK K and Yueh, SH H and Grant, M S and Fore, A G and Haase, J S},
    number = {99},
    pages = {1--5},
    volume = {8},
    publisher = {IEEE},
    url = {http://ieeexplore.ieee.org/xpls/abs{\_}all.jsp?arnumber=5955072}
}

@inproceedings{valencia2010experimental,
    title = {{Experimental relationship between the sea brightness temperature changes and the GNSS-R delay-Doppler maps: Preliminary results of the ALBATROSS field experiments}},
    year = {2009},
    booktitle = {IEEE International Geoscience and Remote Sensing Symposium, IGARSS 2009},
    author = {Valencia, E and March{\'{a}}n-Hern{\'{a}}ndez, J F and Camps, A and Rodr{\'{i}}guez-{\'{A}}lvarez, N and Tarongi, J M and Piles, M and Ramos-P{\'{e}}rez, I and Bosch-Lluis, X and Vall-llossera, M and Ferre, P},
    pages = {741--744},
    volume = {3},
    doi = {10.1109/IGARSS.2009.5417871}
}

@article{pickle1995eps,
    title = {{Effects of precipitation on SSM/T-2 brightness temperature}},
    year = {1995},
    journal = {Proceedings of SPIE- The International Society for Optical Engineering.},
    author = {Pickle, J D and Isaacs, R G and Jakabhazy, V and Griffin, M K and Falcone, V J},
    pages = {415--425},
    volume = {2584}
}

@article{fujisaki2001pmo,
    title = {{A proposal of measuring ocean wavelengths by satellite altimeters}},
    year = {2001},
    journal = {Geoscience and Remote Sensing Symposium, 2001. IGARSS'01. IEEE 2001 International},
    author = {Fujisaki, K and Tateiba, M},
    volume = {3}
}

@article{walsh1982ppc,
    title = {{Pulse-to-pulse correlation in satellite radar altimeters}},
    year = {1982},
    journal = {Radio Science},
    author = {Walsh, E J},
    pages = {786--800},
    volume = {17}
}

@inproceedings{ceva1993multipath,
    title = {{Multipath interference in orbiting receivers due to Earth surface reflections}},
    year = {1993},
    booktitle = {ION GPS-93},
    author = {Ceva, J G and Parkinson, B W},
    pages = {1557--1563},
    keywords = {multipath}
}

@inproceedings{kaindl2002improving,
    title = {{Improving Path Separation in a Multipath Environment by Applying Nonlinear Estimation Theory}},
    year = {2002},
    booktitle = {ION GPS 2002: 15 th International Technical Meeting of the Satellite Division of The Institute of Navigation; Portland, OR},
    author = {Kaindl, K and Niklasch, N},
    month = {9},
    pages = {472--476},
    organization = {Institute of Navigation, 3975 University Drive, Suite 390, Fairfax, VA, 22030, USA,},
    keywords = {multipath, signal processing}
}

@article{camps2003bss,
    title = {{L-band sea surface emissivity: Preliminary results of the WISE-2000 campaign and its application to salinity retrieval in the SMOS mission}},
    year = {2003},
    journal = {Radio Science},
    author = {Camps, A and Corbella, I and Vall-llossera, M and Duffo, N and Torres, F and Villarino, R and Enrique, L and Julb{\'{e}}, F and Font, J and Juli{\`{a}}, A and {others}},
    number = {4},
    pages = {8071},
    volume = {38},
    keywords = {microwave radiometry}
}

@techreport{SAND2002-2771,
    title = {{National Nuclear Security Administration Knowledge Base Contributor's Guide}},
    year = {2003},
    author = {Carr, D},
    number = {SAND2002-2771},
    month = {3},
    institution = {Sandia National Laboratories},
    address = {Albuquerque, New Mexico 87185 and Livermore, California 94550},
    keywords = {UGT, nuclear test}
}

@article{yang2011,
    title = {{Ionospheric Disturbances observed Coincident with the 2006 and 2009 North Korean Underground Nuclear Tests}},
    year = {2011},
    journal = {Geophys. Res. Letters},
    author = {Yang, Y M and Garrison, J L and Lee, S C},
    volume = {in press}
}

@article{lindzen1969reliable,
    title = {{A reliable method for the numerical integration of a large class of ordinary and partial differential equations}},
    year = {1969},
    journal = {Monthly Weather Review},
    author = {Lindzen, R S and Kuo, H L},
    pages = {732},
    volume = {97}
}

@article{Ramirez1966a,
    title = {{A ROBOTIC NAVIGATION MODEL INSPIRED ON THE RAT HIPPOCAMPUS : SIMULATION WITH NSL}},
    year = {1966},
    journal = {World},
    author = {Ram{\'{i}}rez, Alejandra Barrera and Ridel, Alfredo Weitzenfeld},
    pages = {1--8},
    keywords = {affordances for movement, are known as place, exploration, fields, head-, hebbian, hippocampus, landmarks, learning, mapping, navigation, path integration, rat, reinforcement learning, the place cells respond, world graph}
}

@techreport{nasaclimate2010,
    title = {{Responding to the Challenge of Climate and Environmental Change: NASA's Plan for a Climate-Centric Architecture for Earth Observations and Applications from Space}},
    year = {2010},
    month = {6},
    institution = {NASA}
}

@inproceedings{balthazor1997study,
    title = {{A study of atmospheric gravity waves and travelling ionospheric disturbances at equatorial latitudes}},
    year = {1997},
    booktitle = {Annales Geophysicae},
    author = {Balthazor, R L and Moffett, R J},
    number = {8},
    pages = {1048--1056},
    volume = {15},
    organization = {Springer}
}

@article{Jakowskia,
    title = {{SPACE WEATHER EFFECTS IN THE IONOSPHERE AND THEIR IMPACT ON POSITIONING}},
    author = {Jakowski, N and Wehrenpfennig, A and Heise, S and Noack, T}
}

@inproceedings{mercier1996some,
    title = {{Some characteristics of atmospheric gravity waves observed by radio-interferometry}},
    year = {1996},
    booktitle = {Annales Geophysicae},
    author = {Mercier, C},
    number = {1},
    pages = {42--58},
    volume = {14},
    organization = {Springer}
}

@article{ge2000multipath,
    title = {{Multipath mitigation of continuous GPS measurements using an adaptive filter}},
    year = {2000},
    journal = {GPS Solutions},
    author = {Ge, L and Han, S and Rizos, C},
    number = {2},
    pages = {19--30},
    volume = {4},
    publisher = {Springer},
    keywords = {multipath, signal processing}
}

@article{koblinsky2003sss,
    title = {{Sea surface salinity from space: Science goals and measurement approach}},
    year = {2003},
    journal = {Radio Science},
    author = {Koblinsky, C J and Hildebrand, P and LeVine, D and Pellerano, F and Chao, Y and Wilson, W and Yueh, S and Lagerloef, G},
    number = {4},
    pages = {8064},
    volume = {38},
    publisher = {American Geophysical Union},
    keywords = {microwave radiometry}
}

@article{blanc1982nta,
    title = {{Neutral temperature and electron-density measurements in the lower E region by vertical HF sounding in the presence of an acoustic wave}},
    year = {1982},
    journal = {Geophysical Research Letters},
    author = {BLANC, E},
    number = {4},
    pages = {450--453},
    volume = {9}
}

@article{spoelstra1992cto,
    title = {{Combining TID observations-NNSS and radio interferometry data}},
    year = {1992},
    journal = {Journal of Atmospheric and Terrestrial Physics},
    author = {Spoelstra, T A},
    number = {9},
    pages = {1185--1195},
    volume = {54}
}

@article{Beach97,
    title = {{Total electron content variations due to nonclassical traveling ionospheric disturbances: Theory and Global Positioning System observations}},
    year = {1997},
    journal = {Journal of Geophysical Research},
    author = {Beach, T L and Kelley, M C and Kintner, P M and Miller, C A},
    pages = {7279--7292},
    volume = {102}
}

@article{baulch1988effective,
    title = {{Effective electron collision frequency measurements in the E-and F-regions}},
    year = {1988},
    journal = {Journal of Atmospheric and Terrestrial Physics},
    author = {Baulch, R N E and Butcher, E C},
    number = {1},
    pages = {45--49},
    volume = {50},
    publisher = {Elsevier}
}

@techreport{SAND2002-2772,
    title = {{The Integration Process for Incorporating Nuclear Explosion Monitoring Research Results into the AFTAC Knowledge Base}},
    year = {2007},
    author = {Young, C J and {Carr D.B} and Harris, J M and Crown, M and Dwyer, J J and Hawkins, W L and Aguilar-Chang, J and Walter, W R and Anderson, D N and Casey, L A},
    number = {SAND 2002-2772},
    month = {11},
    institution = {Sandia National Laboratories},
    address = {Albuquerque, New Mexico 87185 and Livermore, California 94550},
    keywords = {UGT, nuclear test}
}

@article{brown1977air,
    title = {{The average impulse response of a rough surface and its applications}},
    year = {1977},
    journal = {Antennas and Propagation, IEEE Transactions on [legacy, pre-1988]},
    author = {Brown, G},
    number = {1},
    pages = {67--74},
    volume = {25}
}

@inproceedings{valencia2010brightness,
    title = {{Brightness temperature correction of the sea state effect using GNSS-R data}},
    year = {2010},
    booktitle = {11th Specialist Meeting on Microwave Radiometry and Remote Sensing of the Environment (MicroRad 2010)},
    author = {Valencia, E and Camps, A and Bosch-Lluis, X and Rodr{\'{i}}guez-{\'{A}}lvarez, N and Ramos-P{\'{e}}rez, I and March{\'{a}}n-Hern{\'{a}}ndez, J F},
    pages = {129--133},
    address = {Washington, D.C.}
}

@article{bass1977ris,
    title = {{Radiophysical investigations of sea roughness (radiooceanography) at the Ukrainian Academy of Sciences}},
    year = {1977},
    journal = {Antennas and Propagation, IEEE Transactions on [legacy, pre-1988]},
    author = {Bass, F and Braude, S and Fuks, I and Kalmykov, A and Megn, A and Ostrovsky, I and Rosenberg, A},
    number = {1},
    pages = {43--52},
    volume = {25}
}

@article{bindlish2009combined,
    title = {{Combined passive and active microwave observations of soil moisture during CLASIC}},
    year = {2009},
    journal = {IEEE Geoscience and Remote Sensing Letters},
    author = {Bindlish, R and Jackson, T and Sun, R and Cosh, M and Yueh, S and Dinardo, S},
    number = {4},
    pages = {644--648},
    volume = {6}
}

@article{Garrison2005,
    title = {{Numerical simulation of GNSS code tracking loops using Euler-Maruyama method ELECTRONICS LETTERS 21st July 2005}},
    year = {2005},
    journal = {Electronics Letters},
    author = {Garrison, J L and Liang, L},
    number = {15},
    volume = {41},
    doi = {10.1049/el}
}

@article{blume1978measurement,
    title = {{Measurement of ocean surface temperature and salinity via microwave radiometry}},
    year = {1978},
    journal = {Bound. Layer Meteorol.},
    author = {Blume, H.-J. C and Kendall, B M and Fedors, J C},
    pages = {295--308},
    volume = {13}
}

@article{krasnov1999rmn,
    title = {{Remote monitoring of nuclear explosions during radio sounding ofionosphere over explosion place}},
    year = {1999},
    journal = {Radio Science Conference, 1999. NRSC'99. Proceedings of the Sixteenth National},
    author = {Krasnov, V M}
}

@article{Gray2000a,
    title = {{Influence of ionospheric electron density fluctuations on satellite radar interferometry}},
    year = {2000},
    journal = {Geophysical Research Letters},
    author = {Gray, a. Laurence and Mattar, Karim E. and Sofko, George},
    number = {10},
    pages = {1451},
    volume = {27},
    url = {http://www.agu.org/pubs/crossref/2000/2000GL000016.shtml},
    doi = {10.1029/2000GL000016},
    issn = {0094-8276}
}

@inproceedings{lulich2010,
    title = {{Open loop tracking of radio occultation signals from an airborne platform}},
    year = {2010},
    booktitle = {ION GNSS 2010},
    author = {Lulich, T D and Garrison, J L and Haase, J S and Yang, Yu-Ming and Voo, J and Xie, F and Muradyan, P},
    address = {Portland, Oregon}
}

@article{wolcott1984oip,
    title = {{Observations of an ionospheric perturbation arising from the Coalinga earthquake of May 2, 1983}},
    year = {1984},
    journal = {Journal of Geophysical Research},
    author = {Wolcott, J H and Simons, D J and Lee, D D and Nelson, R A},
    number = {A8},
    pages = {6835--6839},
    volume = {89}
}

@article{beyerle2006,
    title = {{Observations and simulations of receiver-induced refractivity biases in GPS radio occultation}},
    year = {2006},
    journal = {Journal Of Geophysical Research-Atmospheres},
    author = {Beyerle, G and Schmidt, T and Wickert, J and Heise, S and Rothacher, M and Konig-Langlo, G and Lauritsen, K B},
    number = {D12},
    volume = {111}
}

@techreport{na-22-nemre-2004,
    title = {{Nuclear Explosion Monitoring Research and Engineering Program Strategic Plan}},
    year = {2004},
    author = {Administration, National Nuclear Security},
    number = {DOE/NNSA/NA-22-NEMRE-2004},
    month = {9},
    institution = {Los Alamos National Lab.},
    keywords = {UGT, nuclear test}
}

@inproceedings{Buck2005,
    title = {{An extension to the wide swath ocean altimeter concept}},
    year = {2005},
    booktitle = {Proceedings. 2005 IEEE International Geoscience and Remote Sensing Symposium, 2005. IGARSS '05.},
    author = {Buck, Christopher},
    pages = {5436--5439},
    volume = {8},
    publisher = {IEEE},
    url = {http://ieeexplore.ieee.org/lpdocs/epic03/wrapper.htm?arnumber=1525970},
    isbn = {0-7803-9050-4},
    doi = {10.1109/IGARSS.2005.1525970}
}

@misc{TheMendeleySupportTeam2010a,
    title = {{Getting Started with Mendeley}},
    year = {2010},
    booktitle = {Mendeley Desktop},
    author = {{The Mendeley Support Team}},
    pages = {1--16},
    publisher = {Mendeley Ltd.},
    url = {http://www.mendeley.com},
    address = {London},
    keywords = {Mendeley, how-to, user manual}
}

@article{mai2009modeling,
    title = {{Modeling of ionospheric perturbation by 2004 Sumatra tsunami}},
    year = {2009},
    journal = {Radio Science},
    author = {Mai, C L and Kiang, J F},
    number = {3},
    volume = {44},
    publisher = {American Geophysical Union}
}

@article{Lafayette2007a,
    title = {{Guessing robots predict their environments , navigate better}},
    year = {2007},
    author = {Lafayette, West and Chang, Jacky},
    pages = {1--3}
}

@article{hollinger1971pmm,
    title = {{Passive microwave measurements of sea surface roughness}},
    year = {1971},
    journal = {IEEE Trans. Geosci. Electron},
    author = {Hollinger, J P},
    number = {3},
    pages = {165--169},
    volume = {9},
    keywords = {microwave radiometry}
}

@article{hickey2009propagation,
    title = {{Propagation of tsunami-driven gravity waves into the thermosphere and ionosphere}},
    year = {2009},
    journal = {Journal of geophysical research},
    author = {Hickey, M P and Schubert, G and Walterscheid, R L},
    number = {A8},
    volume = {114},
    publisher = {American Geophysical Union}
}

@article{zuffada2004ppg,
    title = {{Polarization properties of the GPS signal scattered off a wind-driven ocean}},
    year = {2004},
    journal = {Antennas and Propagation, IEEE Transactions on},
    author = {Zuffada, C and Fung, A and Parker, J and Okolicanyi, M and Huang, E},
    number = {1},
    pages = {172--188},
    volume = {52}
}

@inproceedings{brown2001test,
    title = {{Test Results from a Digital P (Y) Code Beamsteering Receiver for Multipath Minimization}},
    year = {2001},
    booktitle = {Proceedings of ION 57th Annual Meeting, Albuquerque, NM},
    author = {Brown, A and Gerein, N},
    number = {872-878},
    month = {6},
    keywords = {beam steering, multipath, phase array}
}

@article{durden1985prc,
    title = {{A physical radar cross-section model for a wind-driven sea with swell}},
    year = {1985},
    journal = {Oceanic Engineering, IEEE Journal of},
    author = {Durden, S and Vesecky, J},
    number = {4},
    pages = {445--451},
    volume = {10}
}

@article{yueh2003aid,
    title = {{Aquarius instrument design for sea surface salinity measurements}},
    year = {2003},
    journal = {Geoscience and Remote Sensing Symposium, 2003. IGARSS'03. Proceedings. 2003 IEEE International},
    author = {Yueh, S H and Wilson, W J and Edelstein, W and Farra, D and Johnson, M and Pellerano, F and LeVine, D and Hilderbrand, P},
    volume = {4},
    keywords = {microwave radiometry}
}

@article{argo1995dar,
    title = {{The detection and recognition of underground nuclear explosions}},
    year = {1995},
    journal = {Surveys in Geophysics},
    author = {Argo, P and Clark, R A and Douglas, A and Gupta, V and Hassard, J and Lewis, P M and Maguire, P K H and Playford, K and Ringdal, F},
    number = {4},
    pages = {495--532},
    volume = {16},
    publisher = {Springer}
}

@article{Grant2009,
    title = {{Solar ultraviolet-B irradiance and vitamin D may reduce the risk of septicemia.}},
    year = {2009},
    journal = {Dermato-endocrinology},
    author = {Grant, William B},
    number = {1},
    month = {1},
    pages = {37--42},
    volume = {1},
    url = {http://www.ncbi.nlm.nih.gov/pubmed/20711817},
    issn = {1938-1980},
    pmid = {20046587}
}

@techreport{jacobson1987_10986,
    title = {{Observations of Prolonged Ionospheric Anomalies Following Passage of an Infrasound Pulse Through the Lower Thermosphere}},
    year = {1987},
    author = {Jacobson, A R and Carlos, R C},
    number = {LA-10986-MS},
    month = {6},
    institution = {Los Alamos National Lab.}
}

@article{park2011ionospheric,
    title = {{Ionospheric detection of the 25 May 2009 North Korean underground nuclear test}},
    year = {2011},
    journal = {Geophysical Research Letters},
    author = {Park, J and von Frese, R R B and Grejner-Brzezinska, D A and Morton, Y and Gaya-Pique, L R},
    number = {22},
    pages = {L22802},
    volume = {38},
    publisher = {American Geophysical Union}
}

@article{rodriguez1994cpo,
    title = {{Correlation properties of ocean altimeter returns}},
    year = {1994},
    journal = {Geoscience and Remote Sensing, IEEE Transactions on},
    author = {Rodriguez, E and Martin, J M},
    number = {3},
    pages = {553--561},
    volume = {32}
}

@article{van1993spread,
    title = {{Spread-spectrum code and carrier synchronization errors caused bymultipath and interference}},
    year = {1993},
    journal = {IEEE Transactions on Aerospace and Electronic Systems},
    author = {Van Nee, R D J},
    number = {4},
    month = {10},
    pages = {1359--1365},
    volume = {29},
    keywords = {multipath}
}

@techreport{gomez1996evaluation,
    title = {{Evaluation of Two Computational Techniques of Calculating Multipath Using Global Positioning System Carrier Phase Measurements}},
    year = {1996},
    author = {GOMEZ, S and Hood, L and PANNETON, R and SAUNDERS, P and Adkins, A and HWU, S and LU, B P},
    number = {TM-104816},
    month = {4},
    keywords = {multipath, multipath model}
}

@article{krasnov2005afi,
    title = {{The acoustic field in the ionosphere caused by an underground nuclear explosion}},
    year = {2005},
    journal = {Journal of Atmospheric and Solar-Terrestrial Physics},
    author = {Krasnov, V M and Drobzheva, Y V},
    number = {10},
    pages = {913--920},
    volume = {67}
}

@article{Valencia2011,
    title = {{Ocean Surface's Scattering Coefficient Retrieval by Delay {\&} Doppler Map Inversion}},
    year = {2011},
    journal = {IEEE Geoscience and Remote Sensing Letters},
    author = {Valencia, Enric and Camps, Adriano and Marchan-Hernandez, Juan Fernando and Park, Hyuk and Bosch-Lluis, Xavier and Rodriguez-Alvarez, Nereida and Ramos-Perez, Isaac},
    number = {4},
    pages = {750--754},
    volume = {8},
    doi = {10.1109/LGRS.2011.2107500},
    issn = {1545-598X},
    keywords = {Bistatic scattering coefficient, delay {\&} Doppler map (DDM), global navigation satellite system reflectometry (, sea state}
}

@book{national2007earth,
    title = {{Earth science and applications from space: national imperatives for the next decade and beyond}},
    year = {2007},
    author = {on Earth Science, National Research Council (US). Committee and from Space, Applications and Assessment, A Community and for the Future, Strategy},
    publisher = {Natl Academy Pr}
}

@article{jensen2003full,
    title = {{Full spectrum inversion of radio occultation signals}},
    year = {2003},
    journal = {Radio Science},
    author = {Jensen, A S and Lohmann, M S and Benzon, H H and Nielsen, A S},
    number = {3},
    pages = {1040},
    volume = {38},
    publisher = {American Geophysical Union},
    keywords = {fsi, occultation}
}

@article{sasaki1987dss,
    title = {{The dependence of sea-surface microwave emission on wind speed, frequency, incidence angle, and polarization over the frequency range from 1 to 40 GHz}},
    year = {1987},
    journal = {IEEE Transactions on Geoscience and Remote Sensing},
    author = {Sasaki, Y and Asanuma, I and Muneyama, K and Naito, G and Suzuki, T},
    number = {2},
    month = {3},
    pages = {138--146},
    volume = {25},
    keywords = {microwave radiometry}
}

@article{morgan1978tst,
    title = {{Techniques for the study of TID's with multi-station rapid-run ionosondes}},
    year = {1978},
    journal = {Radio Science},
    author = {Morgan, M G and Calderon, C H J and Ballard, K A},
    pages = {729--741},
    volume = {13}
}

@article{Calais98b,
    title = {{Ionospheric signature of surface mine blasts from Global Positioning System measurements}},
    year = {1998},
    journal = {Geophys. J. Int.},
    author = {Calais, E and Minster, J B and Hofton, M A and Hedlin, M A},
    pages = {191--202},
    volume = {132}
}

@article{katzberg2006crg,
    title = {{Calibration of reflected GPS for tropical storm wind speed retrievals}},
    year = {2006},
    journal = {Geophysical Research Letters},
    author = {Katzberg, S J and Torres, O and Ganoe, G},
    number = {18},
    volume = {33},
    doi = {10.1029/2006GL026825}
}

@article{jacobson1988oid,
    title = {{Observations of ionospheric disturbances following a 5-kt chemical explosion. I-Persistent oscillation in the lower thermosphere after shock passage}},
    year = {1988},
    journal = {Radio Science},
    author = {Jacobson, A R and Carlos, R C and Blanc, E},
    pages = {820--830},
    volume = {23}
}

@article{vanvelthoven1990sot,
    title = {{Simultaneous observations of travelling ionospheric disturbances by two-dimensional radio interferometry and the differential Doppler technique applied to satellite signals}},
    year = {1990},
    journal = {Journal of Atmospheric and Terrestrial Physics},
    author = {van Velthoven, P F J and Kelder, H and Mercier, C},
    pages = {305--312},
    volume = {52}
}

@article{sokolovskiy2010uncertainty,
    title = {{On the uncertainty of radio occultation inversions in the lower troposphere}},
    year = {2010},
    journal = {J. Geophys. Res.},
    author = {Sokolovskiy, S and Rocken, C and Schreiner, W and Hunt, D},
    number = {D22},
    pages = {D22111},
    volume = {115},
    keywords = {radio occultation lower troposphere 0480 Biogeosci}
}

@article{camps2004waf,
    title = {{The WISE 2000 and 2001 field experiments in support of the SMOS mission: sea surface L-band brightness temperature observations and their application to sea surface salinity retrieval}},
    year = {2004},
    journal = {Geoscience and Remote Sensing, IEEE Transactions on},
    author = {Camps, A and Font, J and Vall-llossera, M and Gabarro, C and Corbella, I and Duffo, N and Torres, F and Blanch, S and Aguasca, A and Villarino, R and {others}},
    number = {4},
    pages = {804--823},
    volume = {42},
    keywords = {microwave radiometry}
}

@article{TRAON2004a,
    title = {{An Illustration of the Contribution of the TOPEX/Poseidon—Jason-1 Tandem Mission to Mesoscale Variability Studies}},
    year = {2004},
    journal = {Marine Geodesy},
    author = {TRAON, P. Y. and DIBARBOURE, G.},
    number = {1-2},
    month = {1},
    pages = {3--13},
    volume = {27},
    publisher = {Taylor {\&} Francis Group},
    url = {http://www.tandfonline.com.ezproxy.lib.purdue.edu/doi/full/10.1080/01490410490489313},
    doi = {10.1080/01490410490489313},
    issn = {0149-0419},
    keywords = {altimetry, merging techniques, mesoscale, velocity},
    language = {en}
}

@article{camps2006sss,
    title = {{Sea surface salinity retrieval from space: Potential synergetic use of GNSS-R signals to improve the sea state correction and application to the SMOS mission}},
    year = {2006},
    journal = {IEEE MicroRad, 2006},
    author = {Camps, A and Caparrini, M and Sabia, R and Ruffini, G},
    pages = {91--96},
    keywords = {microwave radiometry}
}

@article{lowe2002fso,
    title = {{First spaceborne observation of an Earth-reflected GPS signal}},
    year = {2002},
    journal = {Radio Science},
    author = {Lowe, S and LaBrecque, J and Zuffada, C and Romans, L and Young, L and Hajj, G},
    number = {1},
    volume = {37}
}

@article{francis1972propagation,
    title = {{Propagation of internal acoustic-gravity waves around a spherical earth}},
    year = {1972},
    journal = {Journal of Geophysical Research},
    author = {Francis, S H},
    pages = {4221--4226},
    volume = {77},
    keywords = {TID}
}

@article{titheridge1995winds,
    title = {{Winds in the ionosphere--A review}},
    year = {1995},
    journal = {Journal of Atmospheric and Terrestrial Physics},
    author = {Titheridge, J E},
    number = {14},
    pages = {1681--1714},
    volume = {57},
    publisher = {Elsevier}
}

@article{davis1973integrated,
    title = {{The integrated ionospheric response to internal atmospheric gravity waves(Internal atmospheric gravity wave effect on ionospheric columnar electron content on basis of viscous atmosphere model with isothermal layers)}},
    year = {1973},
    journal = {Journal of Atmospheric and Terrestrial Physics},
    author = {Davis, M J},
    pages = {929--959},
    volume = {35},
    keywords = {TID}
}

@article{garrison2002wsm,
    title = {{Wind Speed Measurement Using Forward Scattered GPS Signals}},
    year = {2002},
    journal = {IEEE Transactions on Geoscience and Remote Sensing},
    author = {Garrison, James L and Komjathy, Attila and Zavorotny, Valery U and Katzberg, Stephen J},
    number = {1},
    pages = {50--65},
    volume = {40}
}

@article{unwin_gnssr08,
    title = {{Plans for New GNSS Reflectometry Instrument Selected for SMOSops}},
    year = {2008},
    journal = {GNSS-R'08 -- Proceedings},
    author = {Unwin, M},
    month = {9}
}

@article{jacobson1994oag,
    title = {{Observations of acoustic-gravity waves in the thermosphere following Space Shuttle ascents}},
    year = {1994},
    journal = {Journal of Atmospheric and Terrestrial Physics},
    author = {Jacobson, A R and Carlos, R C},
    number = {4},
    pages = {525--528},
    volume = {56}
}

@article{soulat2004sea,
    title = {{Sea state monitoring using coastal GNSS-R}},
    year = {2004},
    journal = {Geophysical Research Letters},
    author = {Soulat, F and Caparrini, M and Germain, O and Lopez-Dekker, P and Taani, M and Ruffini, G},
    number = {21},
    pages = {L21303},
    volume = {31},
    publisher = {American Geophysical Union},
    issn = {0094-8276}
}

@article{mallat1989theory,
    title = {{A theory for multiresolution signal decomposition: The wavelet representation}},
    year = {1989},
    journal = {IEEE transactions on pattern analysis and machine intelligence},
    author = {Mallat, S G and {others}},
    number = {7},
    pages = {674--693},
    volume = {11},
    publisher = {Citeseer}
}

@article{melbourne1994application,
    title = {{The application of spaceborne GPS to atmospheric limb sounding and global change monitoring, JPL Publication 94-18}},
    year = {1994},
    journal = {Pasadena CA},
    author = {Melbourne, W G and Davis, E S and Duncan, C B and Hajj, G A and Hardy, K R and Kursinski, E R and Meehan, T K and Young, L E and Yunck, T P}
}

@article{richards1997testing,
    title = {{Testing the nuclear test-ban treaty}},
    year = {1997},
    journal = {Nature},
    author = {Richards, P G and Kim, W Y},
    number = {6653},
    pages = {781--782},
    volume = {389},
    publisher = {Nature Publishing Group}
}

@inproceedings{townsend1994practical,
    title = {{A practical approach to the reduction of pseudorange multipath errors in a L1 GPS receiver}},
    year = {1994},
    booktitle = {Proceedings of the 7th International Technical Meeting of the Satellite Division of the Institute of Navigation, Salt Lake City, UT, USA},
    author = {Townsend, B and Fenton, P},
    month = {9},
    pages = {143--148},
    organization = {Institute of Navigation},
    keywords = {multipath}
}

@article{scheiber1994ecd,
    title = {{Extension of the correlation Doppler estimator for determination of the Doppler rate and for resolving the PRF-ambiguity}},
    year = {1994},
    journal = {SAR data processing for remote sensing},
    author = {Scheiber, R and Moreira, A},
    pages = {33--41}
}

@misc{neira1996am,
    title = {{Altimetry method}},
    year = {1996},
    author = {Neira, M M},
    publisher = {Google Patents},
    keywords = {altimetry, gnssr}
}

@article{mercier1997oag,
    title = {{Observations of atmospheric gravity waves by radio interferometry: are results biased by the observational technique?}},
    year = {1997},
    journal = {Annales Geophysicae},
    author = {Mercier, C R and Jacobson, A R},
    number = {4},
    pages = {430--442},
    volume = {15},
    publisher = {Springer}
}

@article{kersley1989dbl,
    title = {{On the distinction between large-scale and medium-scale atmospheric gravity waves}},
    year = {1989},
    journal = {Annales Geophysicae},
    author = {Kersley, L and Hughes, K A},
    pages = {459--461},
    volume = {7}
}

@article{sheehan1992epp,
    title = {{The effect of pulse phase distortion on the height estimation of a radar altimeter}},
    year = {1992},
    journal = {International Journal of Remote Sensing},
    author = {Sheehan, D V and Griffiths, H D},
    number = {17},
    pages = {3303--3310},
    volume = {13}
}

@inproceedings{montenburck_2007,
    title = {{GPS-BASED PRECISION BASELINE RECONSTRUCTION FOR THE TANDEM-X SAR-FORMATION}},
    year = {2007},
    booktitle = {19th International Symposium on Space Flight Dynamics},
    author = {Montenbruck, O and van Barneveld, P W L and Yoon, Y and Visser, P.N.A.M.},
    month = {9},
    address = {Annapolis, MD},
    keywords = {SAR, relative navigation}
}

@article{miranda2003sse,
    title = {{Sea state effect on the sea surface emissivity at L-band}},
    year = {2003},
    journal = {Geoscience and Remote Sensing, IEEE Transactions on},
    author = {Miranda, J J and Vall-llossera, M and Camps, A and Duffo, N and Corbella, I and Etcheto, J},
    number = {10},
    pages = {2307--2315},
    volume = {41},
    keywords = {microwave radiometry}
}

@article{raizer2001msr,
    title = {{Modeling of sea-roughness radiometric effects for the retrieval ofsurface salinity at 14.3 GHz}},
    year = {2001},
    journal = {Geoscience and Remote Sensing Symposium, 2001. IGARSS'01. IEEE 2001 International},
    author = {Raizer, V Y},
    volume = {4}
}

@article{holliday1987cnr,
    title = {{Comparison of a new radar ocean imaging model with Sarsex internal wave image data}},
    year = {1987},
    journal = {International Journal of Remote Sensing},
    author = {HOLLIDAY, D and ST-CYR, G and WOODS, N},
    pages = {1423--1430},
    volume = {8}
}

@article{afraimovich1991smp,
    title = {{Simultaneous measurements of the polarization, angles of arrival, Doppler frequency, and amplitude of the VHF radio signal from ETS 2}},
    year = {1991},
    journal = {Radio Science},
    author = {Afraimovich, E L and Min'ko, N P and Shapovalov, A N and Zvezdin, V N},
    pages = {1177--1198},
    volume = {26}
}

@article{thompson2002sre,
    title = {{Surface roughness estimation from GPS sea reflections}},
    year = {2002},
    journal = {Geoscience and Remote Sensing Symposium, 2002. IGARSS'02. 2002 IEEE International},
    author = {Thompson, D R and Linstrom, L A and Gasparovic, R F and Elfouhaily, T M},
    volume = {2}
}

@article{gold1966characteristic,
    title = {{Characteristic linear sequences and their coset functions}},
    year = {1966},
    journal = {SIAM Journal on Applied Mathematics},
    author = {Gold, Robert},
    number = {5},
    pages = {980--985},
    volume = {14},
    publisher = {SIAM}
}

@article{kalikhman1980mst,
    title = {{Medium-scale travelling ionospheric disturbances and thermospheric winds in the F-region}},
    year = {1980},
    journal = {Journal of Atmospheric and Terrestrial Physics},
    author = {Kalikhman, A D},
    pages = {697--703},
    volume = {42}
}

@article{nekrassov2003ams,
    title = {{Airborne Measurement of the Sea Surface Wind Vector by a Microwave Radar Altimeter at Low Speed of Flight}},
    year = {2003},
    journal = {IEICE TRANSACTIONS on Electronics},
    author = {NEKRASSOV, A},
    number = {8},
    pages = {1572--1579},
    volume = {86}
}

@article{Calais96,
    title = {{GPS detection of ionospheric perturbation following a Space Shuttle ascent}},
    year = {1996},
    journal = {Geophysical Research Latters},
    author = {Calais, E and Minster, J B},
    pages = {1879--1900},
    volume = {23}
}

@article{hajj2003tdb,
    title = {{Theoretical description of a bistatic system for ocean altimetry using the GPS signal}},
    year = {2003},
    journal = {Radio Sci},
    author = {Hajj, G A and Zuffada, C},
    number = {5},
    pages = {1089},
    volume = {38},
    keywords = {physical oceanography}
}

@article{Douvenot2008,
    title = {{A duct mapping method using least squares support vector machines}},
    year = {2008},
    journal = {Radio Science},
    author = {Douvenot, Rémi and Fabbro, Vincent and Gerstoft, Peter and Bourlier, Christophe and Saillard, Joseph},
    number = {6},
    month = {12},
    pages = {1--12},
    volume = {43},
    url = {http://www.agu.org/pubs/crossref/2008/2008RS003842.shtml},
    doi = {10.1029/2008RS003842},
    issn = {0048-6604}
}

@book{tsui2000fgp,
    title = {{Fundamentals of global positioning system receivers}},
    year = {2000},
    author = {Tsui, J B Y and Wiley, J and Sons, I},
    publisher = {Wiley New York}
}

@book{wod09sss,
    title = {{World Ocean Atlas 2009}},
    year = {2010},
    author = {Antonov, J I and Seidov, D and Boyer, T P and Locarnini, R A and Mishonov, A V and Garcia, H E and Baranova, O K and Zweng, M M and Johnson, D R},
    editor = {Levitus, S},
    number = {69},
    series = {NOAA Atlas NESDIS},
    volume = {2: Salinit},
    publisher = {U.S. Government Printing Office},
    address = {Washington, D.C.},
    keywords = {sss}
}

@article{galushko2002faa,
    title = {{Frequency-and-angular HF sounding and ISR diagnostics of TIDs}},
    year = {2002},
    journal = {Radio Sci},
    author = {Galushko, V G and Beley, V S and Koloskov, A V and Yampolski, Y M and Paznukhov, V V and Reinisch, B W and Foster, J C and Erickson, P},
    number = {6},
    pages = {1102},
    volume = {38}
}

@article{unal1990pdr,
    title = {{The Polarization Dependent Relation Between Radar Backscatter From The Ocean Surface And Surface Wind Vector At Frequencies Between 1 And 18 GHz}},
    year = {1990},
    journal = {Geoscience and Remote Sensing Symposium, 1990. IGARSS'90.'Remote Sensing Science for the Nineties'., 10th Annual International},
    author = {Unal, C M H and Snoeij, P and Swart, P J F},
    pages = {2165--2167}
}

@techreport{kahalas1972study,
    title = {{Study of Acoustic-Gravity Wave Generation by Nuclear Detonations}},
    year = {1972},
    author = {Kahalas, S L and McLauren, T I and Murphy, B L},
    number = {AFOSR-TR-72-1331},
    month = {4},
    institution = {Mt. Auburn Research Associates}
}

@article{rubashkin1993rrw,
    title = {{Reflection of radar waves by the ocean surface for bistatic radar using two satellites}},
    year = {1993},
    journal = {Journal of communications technology {\&} electronics},
    author = {RUBASHKIN, S G and PAVEL'YEV, A G and YAKOVLEV, O I and KUCHERYAVENKOV, A I and SIDORENKO, A I and ZAKHAROV, A I},
    number = {9},
    pages = {64--70},
    volume = {38},
    publisher = {MAIK Nauka/Interperiodica}
}

@book{mallat1999wavelet,
    title = {{A wavelet tour of signal processing}},
    year = {1999},
    author = {Mallat, S G},
    publisher = {Academic Pr}
}

@inproceedings{julg1996evaluation,
    title = {{Evaluation of multipath error and signal propagation in a complexscenario for GPS multipath identification}},
    year = {1996},
    booktitle = {IEEE 4th International Symposium on Spread Spectrum Techniques and Applications Proceedings, 1996.},
    author = {Julg, T},
    volume = {2}
}

@article{hammond1977spr,
    title = {{Short pulse radar used to measure sea surface wind speed and SWH}},
    year = {1977},
    journal = {Antennas and Propagation, IEEE Transactions on [legacy, pre-1988]},
    author = {Hammond, D and Mennella, R and Walsh, E},
    number = {1},
    pages = {61--67},
    volume = {25}
}

@article{martinneira2001pce,
    title = {{The PARIS concept: an experimental demonstration of sea surfacealtimetry using GPS reflected signals}},
    year = {2001},
    journal = {Geoscience and Remote Sensing, IEEE Transactions on},
    author = {Martin-Neira, M and Caparrini, M and Font-Rossello, J and Lannelongue, S and Vallmitjana, C S},
    number = {1},
    pages = {142--150},
    volume = {39}
}

@article{blanc1989nwf,
    title = {{Nonlinear wave fronts and ionospheric irregularities observed by HF sounding over a powerful acoustic source}},
    year = {1989},
    journal = {Radio Science},
    author = {Blanc, E and Rickel, D},
    pages = {279--288},
    volume = {24}
}

@article{manson47gwh,
    title = {{Gravity Wave Horizontal and Vertical Wavelengths: An Update of Measurements in the Mesopause Region ({\~{}} 80--100 km)}},
    journal = {Journal of the Atmospheric Sciences},
    author = {Manson, A H},
    number = {23},
    pages = {2765--2773},
    volume = {47},
    publisher = {American Meteorological Society}
}

@article{tedd89height,
    title = {{The height dependence of TID and gravity wave parameters}},
    journal = {Journal of Geophysical Research-Space Physics},
    author = {Tedd, B L and Morgan, M G and Ballard, K A},
    number = {A10},
    volume = {89},
    publisher = {American Geophysical Union}
}

@article{Afraimovich00c,
    title = {{GPS Global detection of the ionospheric response to solar flares}},
    year = {2000},
    journal = {Radio Science},
    author = {Afraimovich, E L},
    pages = {1417--1424},
    volume = {35}
}

@inproceedings{holmes2003comparison,
    title = {{A Comparison of the Loss of Lock Threshold of BOC and NRZ Signals For First Order Code Tracking Loops}},
    year = {2003},
    booktitle = {Proceedings of the 2003 National Technical Meeting of The Institute of Navigation},
    author = {Holmes, J K and Raghavan, S},
    pages = {649--656}
}

@article{yueh2001qgm,
    title = {{QuikSCAT geophysical model function for hurricane wind and rain}},
    year = {2001},
    journal = {Geoscience and Remote Sensing Symposium, 2001. IGARSS'01. IEEE 2001 International},
    author = {Yueh, S H and Hu, B.W.Y.T.H. and Liu, W T},
    volume = {3}
}

@inproceedings{garrison2007dat,
    title = {{Development and testing of the GISMOS instrument}},
    year = {2007},
    booktitle = {IEEE International Geoscience and Remote Sensing Symposium, 2007. IGARSS 2007},
    author = {Garrison, J L and Walker, M and Haase, J and Lulich, T and Xie, F and Ventre, B D and Boehme, M H and Wilmhoff, B and Katzberg, S J},
    pages = {5105--5108}
}

@article{vasilyev1995lls,
    title = {{Latitude location of the source of the ionospheric short-term terminator disturbances}},
    year = {1995},
    journal = {GEOMAGNETISM AND AERONOMY C/C OF GEOMAGNETIZM I AERONOMIIA},
    author = {Vasilyev, V P},
    pages = {589--590},
    volume = {35},
    publisher = {AMERICAN GEOPHYSICAL UNION}
}

@article{Dautermann2007,
    title = {{Investigation of ionospheric electron content variations before earthquakes in southern California, 2003–2004}},
    year = {2007},
    journal = {Journal of Geophysical Research},
    author = {Dautermann, Thomas and Calais, Eric and Haase, Jennifer and Garrison, James},
    number = {B2},
    month = {2},
    pages = {1--20},
    volume = {112},
    url = {http://www.agu.org/pubs/crossref/2007/2006JB004447.shtml},
    doi = {10.1029/2006JB004447},
    issn = {0148-0227}
}

@article{gorbunov2000comparative,
    title = {{Comparative analysis of radioholographic methods of processing radio occultation data}},
    year = {2000},
    journal = {Radio Science},
    author = {Gorbunov, M E and Gurvich, A S and Kornblueh, L},
    number = {4},
    pages = {1025--1034},
    volume = {35},
    publisher = {American Geophysical Union},
    issn = {0048-6604}
}

@article{mh2008correction,
    title = {{Correction of the sea state impact in the L-band brightness temperature by means of delay-Doppler maps of global navigation satellite signals reflected over the sea surface}},
    year = {2008},
    journal = {IEEE Transactions on Geoscience and Remote Sensing},
    author = {March{\'{a}}n-Hern{\'{a}}ndez, J F and Rodr{\'{i}}guez-{\'{A}}lvarez, N and Camps, A and Bosch-Lluis, X and Ramos-P{\'{e}}rez, I and Valencia, E},
    number = {10},
    pages = {2914--2923},
    volume = {46},
    publisher = {IEEE},
    issn = {0196-2892}
}

@article{yoshihara2005mesurement,
    title = {{Mesurement System of Airborne-Based GPS Downward-Looking Occultation and Experimental Results}},
    year = {2005},
    journal = {research supported by Japan Ministry of Education, Culture, Sports, Science and Technology, XXVIIIth General Assembly of International Union of Radio Science (URSI), New Delhi, India, Oct},
    author = {Yoshihara, T and Fujii, N and Hoshinoo, K and Matsunaga, K and Saitoh, S and Sakai, T and Tsuda, T and Aoyama, Y and Danno, S}
}

@article{welch1967uff,
    title = {{The use of fast Fourier transform for the estimation of power spectra: A method based on time averaging over short, modified periodograms}},
    year = {1967},
    journal = {Audio and Electroacoustics, IEEE Transactions on},
    author = {Welch, P},
    number = {2},
    pages = {70--73},
    volume = {15}
}

@article{hickey_2010a,
    title = {{Atmospheric airglow fluctuations due to a tsunami-driven gravity wave disturbance}},
    year = {2010},
    journal = {J. Geophys. Res},
    author = {Hickey, M P and Schubert, G and Walterscheid, R L},
    volume = {115},
    doi = {10.1029/2009JA014927}
}

@article{yang2012ionospheric,
    title = {{Ionospheric disturbances observed coincident with the 2006 and 2009 North Korean underground nuclear tests}},
    year = {2012},
    journal = {Geophysical Research Letters},
    author = {Yang, Yu-Ming M and Garrison, James L. and Lee, See-Chen C},
    number = {2},
    month = {1},
    pages = {L02103},
    volume = {39},
    publisher = {American Geophysical Union},
    url = {http://www.agu.org/pubs/crossref/2012/2011GL050428.shtml},
    doi = {10.1029/2011GL050428},
    issn = {0094-8276}
}

@article{Komjathy2000a,
    title = {{GPS signal scattering from sea surface: Wind speed retrieval using experimental data and theoretical model}},
    year = {2000},
    journal = {Remote Sensing of Environment},
    author = {Komjathy, Attila and Zavorotny, VU and Axelrad, Penina},
    number = {00},
    pages = {162--174},
    volume = {73},
    url = {http://www.sciencedirect.com/science/article/pii/S0034425700000912}
}

@article{xiong1994odc,
    title = {{Optimal Doppler centroid estimation for spaceborne SAR data from a nonhomogeneous scene}},
    year = {1994},
    journal = {SAR data processing for remote sensing},
    author = {Xiong, H and Liu, G and Huang, S},
    pages = {24--32}
}

@article{xin2008first,
    title = {{First China ocean reflection experiment using coastal GNSS-R}},
    year = {2008},
    journal = {Chinese Science Bulletin},
    author = {Xin, W and Qiang, S U N and XunXie, Z and DaRen, L U and LianJun, S and Xiong, H U and Giulio, R and Stephen, D and Soulat, F},
    number = {7},
    pages = {1117--1120},
    volume = {53},
    publisher = {Springer},
    issn = {1001-6538}
}

@article{MathWorks05,
    title = {{Optimization Toolbox User's Guide Version 3.03}},
    year = {2005},
    author = {{MathWorks}}
}

@article{adams2010identification,
    title = {{Identification of Ocean-Reflected Radio-Frequency Interference Using WindSat Retrieval Chi-Square Probability}},
    year = {2010},
    journal = {Geoscience and Remote Sensing Letters, IEEE},
    author = {Adams, I S and Bettenhausen, M H and Gaiser, P W and Johnston, W},
    number = {2},
    pages = {406--410},
    volume = {7},
    publisher = {IEEE},
    issn = {1545-598X}
}

@article{fitzgerald1997ote,
    title = {{Observations of total electron content perturbations on GPS signals caused by a ground level explosion}},
    year = {1997},
    journal = {Journal of Atmospheric and Solar-Terrestrial Physics},
    author = {Fitzgerald, T J},
    number = {7},
    pages = {829--834},
    volume = {59},
    publisher = {Elsevier Science}
}

@article{Inertiala,
    title = {{A, 4-32}},
    journal = {Aerospace},
    author = {Inertial, Advanced and Guidance, Aerospace and Severe, Air Force-national and Project, Storms},
    pages = {8--10}
}

@article{Coleman96,
    title = {{An Interior, Trust Region Approach for Nonlinear Minimization Subject to Bounds}},
    year = {1996},
    journal = {SIAM Journal on Optimization},
    author = {Coleman, T F and Li, Y},
    pages = {418--445},
    volume = {6}
}

@inproceedings{brown2001multipath,
    title = {{Multipath characterization using digital phased arrays}},
    year = {2001},
    booktitle = {Proc. of ION 57th Annual Meeting {\&} CIGTF 20th Biennial Guidance Test Symposium, Albuquerque (NM)},
    author = {Brown, A and Gerein, N and Savage, L},
    pages = {469--476},
    keywords = {multipath, phase array}
}

@article{weissman1977dfc,
    title = {{Dual frequency correlation radar measurements of the height statistics of ocean waves}},
    year = {1977},
    journal = {Oceanic Engineering, IEEE Journal of},
    author = {Weissman, D and Johnson, J},
    number = {1},
    pages = {74--83},
    volume = {2}
}

@article{camps_etal_tgars_2005,
    title = {{Performance of sea surface salinity and soil moisture retrieval algorithms with different auxiliary datasets in 2-D L-band aperture synthesis interferometric radiometers}},
    year = {2005},
    journal = {IEEE Transactions on Geoscience and Remote Sensing},
    author = {Camps, A and Vall-llossera, M and Duffo, N and Torres, F and Corbella, I},
    number = {5},
    month = {5},
    pages = {1189--1200},
    volume = {43},
    keywords = {microwave radiometry}
}

@article{Leonovich02,
    title = {{Estimating the Contribution from different ionospheric regions to the TEC response to the solar flares using data from the international GPS network}},
    year = {2002},
    journal = {Annales Geophysicae},
    author = {Leonovich, L A and Afraimovich, E L and Romanova, E B and Taschilin, A V},
    pages = {1935--1941},
    volume = {20}
}

@phdthesis{sefi2003ray,
    title = {{Ray tracing tools for high frequency electromagnetics simulations}},
    year = {2003},
    booktitle = {Department of Numerical Analysis and Computer Science},
    author = {Sefi, S},
    publisher = {Citeseer},
    school = {Royal Institute of Technology},
    address = {Stockholm, Sweeden},
    keywords = {multipath model}
}

@article{hooke1968ionospheric,
    title = {{Ionospheric irregularities produced by internal atmospheric gravity waves}},
    year = {1968},
    journal = {Journal of Atmospheric and Terrestrial Physics},
    author = {Hooke, W H},
    number = {5},
    pages = {795--823},
    volume = {30},
    publisher = {Elsevier}
}

@article{contreras2003erk,
    title = {{Effects of rain on Ku-band backscatter from the ocean}},
    year = {2003},
    journal = {J. Geophys. Res},
    author = {Contreras, R F and Plant, W J and Keller, W C and Hayes, K and Nystuen, J},
    number = {c5},
    pages = {3165},
    volume = {108}
}

@article{Knechta,
    title = {{THE GEOMAGNETIC FIELD}},
    journal = {PoLAR},
    author = {Knecht, D J and Shuman, B M},
    pages = {1--37}
}

@article{armatys2000cga,
    title = {{A comparison of GPS and scatterometer sensing of ocean wind speedand direction}},
    year = {2000},
    journal = {Geoscience and Remote Sensing Symposium, 2000. Proceedings. IGARSS 2000. IEEE 2000 International},
    author = {Armatys, M and Komjathy, A and Axelrad, P and Katzberg, S J},
    volume = {7},
    keywords = {physical oceanography}
}

@article{sabia2007psu,
    title = {{Potential synergetic use of GNSS-R signals to improve the sea-state correction in the sea surface salinity estimation: Application to the SMOS mission}},
    year = {2007},
    journal = {IEEE Transactions on Geoscience and Remote Sensing},
    author = {Sabia, R and Caparrini, M and Camps, A and Ruffini, G},
    number = {7 Part 1},
    pages = {2088--2097},
    volume = {45},
    keywords = {microwave radiometry}
}

@misc{ncep_sst,
    title = {{{\{}NCEP{\}} Reynolds Optimally Interpolated Sea Surface Temperature Data Sets}},
    author = {{NASA Jet Propulsion Laboratory Physical Oceanography DAAC}}
}

@article{camps2005rss,
    title = {{Retrieving sea surface salinity with multiangular L-band brightness temperatures: Improvement by spatiotemporal averaging}},
    year = {2005},
    journal = {Radio Sci},
    author = {Camps, A and Vall-llossera, M and Batres, L and Torres, F and Duffo, N and Corbella, I},
    volume = {40},
    keywords = {microwave radiometry}
}

@article{Zumpe2001a,
    title = {{Orientation and Navigation}},
    year = {2001},
    journal = {Notes on the Elements of Behavioral Science},
    author = {Zumpe, D and Michael, RP},
    url = {http://link.springer.com/chapter/10.1007/978-1-4615-1239-4{\_}8}
}

@article{swift1983cmr,
    title = {{Considerations for microwave remote sensing of ocean surface salinity}},
    year = {1983},
    journal = {IEEE Transactions on Geoscience and Remote Sensing},
    author = {Swift, C T and McIntosh, R E},
    month = {10},
    pages = {480--491},
    volume = {21}
}

@article{banks1966collision,
    title = {{Collision frequencies and energy transfer electrons}},
    year = {1966},
    journal = {Planetary and Space Science},
    author = {Banks, P},
    number = {11},
    pages = {1085--1103},
    volume = {14},
    publisher = {Elsevier}
}

@article{barry1966hf,
    title = {{HF Radio Measurements of High-Altitude Acoustic Waves from a Ground-Level Explosion}},
    year = {1966},
    journal = {Journal of Geophysical Research},
    author = {Barry, G H and Griffiths, L J and Taenzer, J C},
    number = {17},
    pages = {4173--4182},
    volume = {71},
    publisher = {American Geophysical Union}
}

@article{chelton6pca,
    title = {{Pulse Compression and Sea Level Tracking in Satellite Altimetry}},
    journal = {Journal of Atmospheric and Oceanic Technology},
    author = {Chelton, D B and Walsh, E J and MacArthur, J L},
    number = {3},
    pages = {407--438},
    volume = {6},
    publisher = {American Meteorological Society}
}

@article{sokolovskiy2001modeling,
    title = {{Tracking tropospheric radio occultation signals from low Earth orbit}},
    year = {2001},
    journal = {Radio Science},
    author = {Sokolovskiy, S V},
    number = {3},
    pages = {441--458},
    volume = {36},
    publisher = {American Geophysical Union},
    issn = {0048-6604}
}

@inproceedings{choi-multipath,
    title = {{A Multipath Mitigation Method using the Nonsymmetric Ratio of the Autocorrelation Function}},
    year = {2000},
    booktitle = {Proceedings of the 13th International Technical Meeting of the Satellite Division of the Institute of Navigation},
    author = {Choi, I H and Park, C and Lee, S J},
    month = {9},
    pages = {2357--2361},
    keywords = {multipath}
}

@article{kirchengast1996gravity,
    title = {{The gravity wave-TID relationship: insight via theoretical model--EISCAT data comparison}},
    year = {1996},
    journal = {Journal of Atmospheric and Terrestrial Physics},
    author = {Kirchengast, G and Hocke, K and Schlegel, K},
    number = {1-4},
    pages = {233--243},
    volume = {58},
    publisher = {Elsevier}
}

@inproceedings{zavorotny1999brs,
    title = {{Bistatic radar scattering from an ocean surface in the small-slopeapproximation}},
    year = {1999},
    booktitle = {IEEE 1999 International Geoscience and Remote Sensing Symposium, 1999. IGARSS'99 Proceedings},
    author = {Zavorotny, V U and Voronovich, A G},
    volume = {5}
}

@inproceedings{thompson2000polarization,
    title = {{Polarization dependence of GPS signals reflected from the ocean}},
    year = {2000},
    booktitle = {Geoscience and Remote Sensing Symposium, 2000. Proceedings. IGARSS 2000. IEEE 2000 International},
    author = {Thompson, D R and Elfouhaily, T M and Gasparovic, R F},
    pages = {3099--3101},
    volume = {7},
    organization = {IEEE}
}

@article{beyerle2001observation,
    title = {{Observation and simulation of direct and reflected GPS signals in radio occultation experiments}},
    year = {2001},
    journal = {Geophysical Research Letters},
    author = {Beyerle, G and Hocke, K},
    number = {9},
    pages = {1895--1898},
    volume = {28},
    publisher = {American Geophysical Union},
    issn = {0094-8276}
}

@article{jones1969ray,
    title = {{Ray tracing for internal gravity waves}},
    year = {1969},
    journal = {J. Geophys. Res},
    author = {Jones, W L},
    number = {8},
    pages = {2028--2033},
    volume = {74}
}

@article{tyler1970brm,
    title = {{Bistatic Radar Measurements of Topographic Variation in Lunar Surface Slopes with Explorer 35}},
    year = {1970},
    journal = {Radio Science},
    author = {Tyler, G L and Simpson, R A},
    number = {2},
    pages = {263--271},
    volume = {5}
}

@article{yakovets1999esw,
    title = {{An experimental study of wave packets in travelling ionospheric disturbances}},
    year = {1999},
    journal = {Journal of Atmospheric and Solar-Terrestrial Physics},
    author = {Yakovets, A F and Kaliev, M Z and Vodyannikov, V V},
    number = {8},
    pages = {629--639},
    volume = {61},
    publisher = {Elsevier Science}
}

@article{hunsucker1967lti,
    title = {{Large traveling-ionospheric-disturbances observed at midlatitudes utilizing the high resolution H. F. backscatter technique(Traveling-ionospheric disturbances observed at midlatitudes by backscattering technique, noting auroral zone and gravity waves role}},
    year = {1967},
    journal = {JOURNAL OF ATMOSPHERIC AND TERRESTRIAL PHYSICS},
    author = {HUNSUCKER, R D and TVETEN, L H},
    pages = {909--916},
    volume = {29}
}

@article{Huffman2000a,
    title = {{OF AND ABSORPTION EMISSION ATMOSPHERIC ULTRAVIOLET RADIATION}},
    year = {2000},
    journal = {Source},
    author = {Huffman, R E},
    pages = {1--8}
}

@article{holliday1986roi,
    title = {{A radar ocean imaging model for small to moderate incidence angles.}},
    year = {1986},
    journal = {International Journal of Remote Sensing},
    author = {Holliday, D and St-Cyr, G and Woods, N E},
    number = {12},
    pages = {1809--1834},
    volume = {7}
}

@article{lee-next,
    title = {{Next Generation Advanced Video Guidance Sensor: Low Risk Rendezvous and Docking Sensor}},
    journal = {{\&} Proceedings 저널{\{}{\textbackslash}textperiodcentered{\}} 프로시딩즈| 기술보고서| 해외연구초록| Reference DB| 공학설계| 부품규격| 항공우주특허| 원문신청| 논문스크랩| 공저자검색 해외개발| 국내개발| 우주기술전략지도| AIAA 연차보고서| 저널번역| 일본항공우주| 국내연구성과| IP 제공정보| 부품개발현황 ARIC 용어사전| 교육도서| 인물사건| Web Link| 항공 우주 Spec 항공우주기사| 학술행사안내| 과제{\{}{\textbackslash}textpe},
    author = {Lee, J and Carrington, C and Spencer, S and Bryan, T and Howard, R T and Johnson, J}
}

@article{elfouhaily102uds,
    title = {{A unified directional spectrum for long and short wind-driven waves}},
    year = {1997},
    journal = {Journal of Geophysical Research},
    author = {Elfouhaily, T and Chapron, B and Katsaros, K and Vandemark, D},
    number = {C7},
    pages = {15781},
    volume = {102},
    publisher = {American Geophysical Union},
    url = {http://doi.wiley.com/10.1029/97JC00467},
    doi = {10.1029/97JC00467},
    issn = {0148-0227},
    keywords = {physical oceanography}
}

@article{Emery2004a,
    title = {{Sampling the mesoscale ocean surface currents with various satellite altimeter configurations}},
    year = {2004},
    journal = {IEEE Transactions on Geoscience and Remote Sensing},
    author = {Emery, W.J. and Baldwin, D.G. and Matthews, D.K.},
    number = {4},
    month = {4},
    pages = {795--803},
    volume = {42},
    url = {http://ieeexplore.ieee.org/lpdocs/epic03/wrapper.htm?arnumber=1288374},
    doi = {10.1109/TGRS.2003.820599},
    issn = {0196-2892}
}

@article{gleason2003dat,
    title = {{Development and testing of a remote sensing instrument using GNSS reflectometry concepts}},
    year = {2003},
    journal = {Geoscience and Remote Sensing Symposium, 2003. IGARSS'03. Proceedings. 2003 IEEE International},
    author = {Gleason, S and Unwin, M},
    volume = {7},
    keywords = {physical oceanography}
}

@article{dinnat2003ics,
    title = {{Issues concerning the sea emissivity modeling at L-band for retrieving surface salinity}},
    year = {2003},
    journal = {Radio Sci},
    author = {Dinnat, E and Boutin, J and Caudal, G and Etcheto, J},
    number = {4},
    volume = {38},
    keywords = {microwave radiometry}
}

@article{barrick1968rbs,
    title = {{Relationship between slope probability density function and the physical optics integral in rough surface scattering}},
    year = {1968},
    journal = {Proceedings of the IEEE},
    author = {Barrick, D E},
    number = {10},
    pages = {1728--1729},
    volume = {56}
}

@article{stosius_gnssr08,
    title = {{Simulation of GNSS-R Tsunami Detection from Space Applied to the 2004 Sumatra Tsunami Event}},
    year = {2008},
    journal = {GNSS-R'08 -- Proceedings},
    author = {Stosius, R and Helm, A and Beyerle, G and H{\"{o}}chner, A and Wickert, J and Rothacher, M},
    month = {9}
}

@article{Yueh2002,
    title = {{Polarimetric Radar Remote Sensing of Ocean Surface Wind}},
    year = {2002},
    journal = {IEEE Transactions on Geoscience and Remote Sensing},
    author = {Yueh, S H and Wilson, W J and Dinardo, S},
    number = {4},
    month = {4},
    pages = {793--800},
    volume = {40},
    keywords = {microwave radiometry}
}

@article{Ray2007,
    title = {{Complex networks in brain electrical activity}},
    year = {2007},
    journal = {Europhysics Letters (EPL)},
    author = {Ray, C and Ruffini, G and Marco-Pallar{\'{e}}s, J and Fuentemilla, L and Grau, C},
    number = {3},
    month = {8},
    pages = {38004},
    volume = {79},
    url = {http://stacks.iop.org/0295-5075/79/i=3/a=38004?key=crossref.9281b65e2ec08d294baf24434fadea51},
    doi = {10.1209/0295-5075/79/38004},
    issn = {0295-5075},
    keywords = {5, at the electrodes on, complex networks, eeg, electroencephalog- are only measured, erp, event related potentials, from the connectivity, loreta, low until now, of the surface electrode, only the network derived, raphy, resolution tomography, signals has been studied, so that, the scalp, which}
}

@article{rudenko1995cie,
    title = {{Calculation of ionospheric effects due to acoustic radiation from an underground nuclear explosion}},
    year = {1995},
    journal = {Journal of Atmospheric and Terrestrial Physics},
    author = {Rudenko, G V and Uralov, A M},
    number = {3},
    pages = {225--236},
    volume = {57}
}

@inproceedings{voo_microrad_2010,
    title = {{Application of reflected Global Navigation Satellite System (GNSS-R) signals in the estimation of sea roughness effects in microwave radiometry}},
    year = {2010},
    booktitle = {Microwave Radiometry and Remote Sensing of the Environment (MicroRad), 2010 11th Specialist Meeting on},
    author = {Voo, J K and Garrison, J L and Yueh, S H and Grant, M S and Fore, A G and Haase, J S and Clauss, B},
    month = {3},
    pages = {140--145},
    organization = {IEEE}
}

@article{Heckler2009a,
    title = {{Implementation and testing of an unaided method for the acquisition of weak gps c/a code signals}},
    year = {2009},
    journal = {Navigation},
    author = {Heckler, GW and Garrison, JL},
    number = {4},
    pages = {241--259},
    volume = {56},
    url = {http://cat.inist.fr/?aModele=afficheN{\&}amp;cpsidt=22373169}
}

@techreport{Roada,
    title = {{UNDERGROUND ffi aw}},
    author = {Road, Royal}
}

@article{buckley2001cgo,
    title = {{Can geometric optics fully describe radar images of the sea surfaceat grazing incidence?}},
    year = {2001},
    journal = {Geoscience and Remote Sensing Symposium, 2001. IGARSS'01. IEEE 2001 International},
    author = {Buckley, J R},
    volume = {4}
}

@article{Davies1965a,
    title = {{Ionospheric radio propagation}},
    year = {1965},
    journal = {Techniques},
    author = {Davies, K},
    url = {http://scholar.google.com/scholar?hl=en{\&}btnG=Search{\&}q=intitle:Ionospheric+radio+wave+propagation{\#}0}
}

@article{eckermann1997grograt,
    title = {{GROGRAT: A new model of the global propagation and dissipation of atmospheric gravity waves}},
    year = {1997},
    journal = {Advances in Space Research},
    author = {Eckermann, S D and Marks, C J},
    number = {6},
    pages = {1253--1256},
    volume = {20},
    publisher = {Elsevier}
}

@article{Goldman1986,
    title = {{Solar radio emission}},
    year = {1986},
    journal = {Physics of the Sun. Volume 2},
    author = {Goldman, MV and Smith, DF},
    pages = {1--15},
    url = {http://adsabs.harvard.edu/abs/1986psun....2..325G}
}

@inproceedings{yoshihara2004airborne,
    title = {{Airborne GPS down-looking occultation experiments}},
    booktitle = {Proc. Institute of Navigation GNSS 2004},
    author = {Yoshihara, T and Fujii, N and Hoshinoo, K and Matsunaga, K and Saitoh, S and Sakai, T and Tsuda, T and Aoyama, Y and Danno, S}
}

@article{masters2000gss,
    title = {{GPS signal scattering from land for moisture content determination}},
    year = {2000},
    journal = {Geoscience and Remote Sensing Symposium, 2000. Proceedings. IGARSS 2000. IEEE 2000 International},
    author = {Masters, D and Zavorotny, V and Katzberg, S and Emery, W},
    volume = {7},
    keywords = {physical oceanography}
}

@article{Force1985a,
    title = {{HANDBOOK OF GEOPHYSICS AND THE SPACE ENVIRONMENT SCIENTIFIC EDITOR}},
    year = {1985},
    journal = {Cycle},
    author = {Force, A I R and Command, Systems and States, United}
}

@article{hernandezpajares2006mst,
    title = {{Medium-scale traveling ionospheric disturbances affecting GPS measurements: Spatial and temporal analysis}},
    year = {2006},
    journal = {J. Geophys. Res},
    author = {Hern{\'{a}}ndez-Pajares, M and Juan, J M and Sanz, J},
    volume = {111}
}

@article{banister1991observed,
    title = {{Observed high-altitude pressure waves from an underground and a surface explosion}},
    year = {1991},
    journal = {Journal of Geophysical Research},
    author = {Banister, J R and Hereford, W V},
    number = {D3},
    pages = {5185--5193},
    volume = {96},
    publisher = {American Geophysical Union}
}

@article{schreiner2007estimates,
    title = {{Estimates of the precision of GPS radio occultations from the COSMIC/FORMOSAT-3 mission}},
    year = {2007},
    journal = {Geophys. Res. Lett},
    author = {Schreiner, W and Rocken, C and Sokolovskiy, S and Syndergaard, S and Hunt, D},
    number = {4},
    pages = {10},
    volume = {34},
    keywords = {occultation}
}

@article{elfouhaily2006extension,
    title = {{Extension of the local curvature approximation to third order and improved tilt invariance}},
    year = {2006},
    journal = {Waves in Random and Complex Media},
    author = {Elfouhaily, T M and Johnson, J T},
    number = {2},
    pages = {97--119},
    volume = {16},
    publisher = {Taylor {\&} Francis}
}

@article{georges1968hds,
    title = {{HF Doppler studies of traveling ionospheric disturbances}},
    year = {1968},
    journal = {J. Atmos. Terr. Phys},
    author = {Georges, T M},
    pages = {735--746},
    volume = {30}
}

@article{drobzheva2006acoustic,
    title = {{Acoustic energy transfer to the upper atmosphere from surface chemical and underground nuclear explosions}},
    year = {2006},
    journal = {Journal of atmospheric and solar-terrestrial physics},
    author = {Drobzheva, Y V and Krasnov, V M},
    number = {3-5},
    pages = {578--585},
    volume = {68},
    publisher = {Elsevier}
}

@article{njoku2005global,
    title = {{Global survey and statistics of radio-frequency interference in AMSR-E land observations}},
    year = {2005},
    journal = {Geoscience and Remote Sensing, IEEE Transactions on},
    author = {Njoku, E G and Ashcroft, P and Chan, T K and Li, L},
    number = {5},
    pages = {938--947},
    volume = {43},
    publisher = {IEEE},
    issn = {0196-2892}
}

@article{gold1967optimal,
    title = {{Optimal binary sequences for spread spectrum multiplexing (Corresp.)}},
    year = {1967},
    journal = {Information Theory, IEEE Transactions on},
    author = {Gold, Robert},
    number = {4},
    pages = {619--621},
    volume = {13},
    publisher = {IEEE}
}

@article{elfouhaily2003pso,
    title = {{A practical second-order electromagnetic model in the quasi-specular regime based on the curvature of a'good-conducting'scattering surface}},
    year = {2003},
    journal = {Waves in Random Media},
    author = {Elfouhaily, T and Guignard, S and Thompson, D R},
    number = {3},
    pages = {L1--L6},
    volume = {13},
    publisher = {Taylor and Francis Ltd}
}

@article{cucurull2006,
    title = {{Assessing the impact of simulated COSMIC GPS radio occultation data on weather analysis over the Antarctic: A case study}},
    year = {2006},
    journal = {Monthly Weather Review},
    author = {Cucurull, L and Kuo, Y H and Barker, D and Rizvi, S R H},
    number = {11},
    pages = {3283--3296},
    volume = {134},
    keywords = {Global positioning system, assimilation, atmospher}
}

@article{bristow1994ihl,
    title = {{Identification of high-latitude acoustic gravity wave sources using the Goose Bay HF radar}},
    year = {1994},
    journal = {J. Geophys. Res},
    author = {Bristow, W A and Greenwald, R A and Samson, J C},
    pages = {319--331},
    volume = {99}
}

@article{elfouhaily2001nbm,
    title = {{A new bistatic model for electromagnetic scattering from perfectly conducting random surfaces: numerical evaluation and comparison with SPM}},
    year = {1999},
    journal = {Waves in Random and Complex Media},
    author = {Elfouhaily, T and Thompson, D R and Freund, D E and Vandemark, D and Chapron, B},
    number = {3},
    pages = {33--43},
    volume = {11},
    publisher = {Taylor {\&} Francis},
    keywords = {physical oceanography}
}

@phdthesis{Soulat2003,
    title = {{Sea Surface Remote Sensing with GNSS and Sunlight Reflections}},
    year = {2003},
    author = {Soulat, F},
    school = {UPC}
}

@article{elfouhaily2007new,
    title = {{A new model for rough surface scattering}},
    year = {2007},
    journal = {Geoscience and Remote Sensing, IEEE Transactions on},
    author = {Elfouhaily, T M and Johnson, J T},
    number = {7},
    pages = {2300--2308},
    volume = {45},
    publisher = {IEEE}
}

@article{bailey1970simultaneous,
    title = {{Simultaneous forward-scatter, riometer, and bremsstrahlung observations of a daytime electron precipitation event in the auroral zone}},
    year = {1970},
    journal = {Journal of Atmospheric and Terrestrial Physics},
    author = {Bailey, D K and Brown, R R and Rees, M H},
    number = {2},
    pages = {149--169},
    volume = {32},
    publisher = {Elsevier}
}

@article{Afraimovich01,
    title = {{The use of GPS arrays in detecting shock-acoustic waves generated during rocket launchings}},
    year = {2001},
    journal = {Journal of Atmospheric and Solar-Terrestrial Physics},
    author = {Afraimovich, E L and Kosogorov, E A and Perevalova, N P and Plotnikov, A V},
    pages = {1941--1957},
    volume = {63}
}

@article{dominici1997origin,
    title = {{On the origin of medium-period ionospheric waves and their possible modelling: a short review}},
    year = {1997},
    author = {Dominici, P and Cander, L R and Zolesi, B},
    publisher = {40/5}
}

@article{Manucci93,
    title = {{A new method for monitoring the earth's ionospheric total electron content using GPS global network}},
    year = {1993},
    journal = {Institute of Navigation Conference GPS-93, Salt Lake City},
    author = {Mannucci, A J and Wilson, B D and Edwards, C D}
}

@article{Oleson1995,
    title = {{Unmixing multiple land-cover type reflectances from coarse spatial resolution satellite data}},
    year = {1995},
    journal = {Remote Sensing of Environment},
    author = {Oleson, KW and Sarlin, S and Garrison, J and Smith, S and Privette, JL and Emery, WJ},
    number = {2},
    pages = {98--112},
    volume = {54},
    url = {http://www.sciencedirect.com/science/article/pii/003442579500100F}
}

@article{wu77nmm,
    title = {{A noncoherent model for microwave emissions and backscattering from the sea surface}},
    journal = {Journal of Geophysical Research-Oceans},
    author = {Wu, S T and Fung, A K},
    number = {30},
    volume = {77},
    publisher = {American Geophysical Union},
    keywords = {microwave radiometry}
}

@article{grant2007terrain,
    title = {{Terrain-moisture classification using GPS surface-reflected signals}},
    year = {2007},
    journal = {IEEE Geoscience and Remote Sensing Letters},
    author = {Grant, M S and Acton, S T and Katzberg, S J},
    number = {1},
    pages = {41--45},
    volume = {4}
}

@inproceedings{gaylor2003gps,
    title = {{GPS/INS Kalman filter design for spacecraft operating in the proximity of the international space station}},
    year = {2003},
    booktitle = {Proc. of AIAA Guidance, Navigation, and Control Conference and Exhibit},
    author = {Gaylor, D E and Lightsey, E G},
    month = {8},
    address = {Austin, TX},
    keywords = {multipath, statistical multipath model}
}

@article{nekrassov2002ams,
    title = {{On airborne measurement of the sea surface wind vector by a scatterometer (altimeter) with a nadir-looking wide-beam antenna}},
    year = {2002},
    journal = {Geoscience and Remote Sensing, IEEE Transactions on},
    author = {Nekrassov, A},
    number = {10},
    pages = {2111--2116},
    volume = {40}
}

@article{davies1998maa,
    title = {{Modeling of atmospheric and ionospheric disturbances from shallow seismic sources}},
    year = {1998},
    journal = {Physics of the Earth and Planetary Interiors},
    author = {Davies, J B and Archambeau, C B},
    number = {3},
    pages = {183--199},
    volume = {105},
    publisher = {Elsevier Science}
}

@article{shah2012demonstration,
    title = {{Demonstration of Bistatic Radar for Ocean Remote Sensing Using Communication Satellite Signals}},
    year = {2012},
    journal = {IEEE Geoscience and Remote Sensing Letters, in press},
    author = {Shah, Rashmi and Garrison, James L and Grant, Michael S},
    number = {4},
    pages = {619--623},
    volume = {9},
    publisher = {IEEE}
}

@article{Najita:1974fk,
    title = {{A tsunami warning system using an ionospheric technique; Proceedings of the IEEE}},
    year = {1974},
    journal = {PROC IEEE; Proceedings of the IEEE},
    author = {Najita, K K},
    number = {5},
    pages = {563},
    volume = {62},
    publisher = {Institute of Electrical and Electronics Engineers},
    address = {[New York, N.Y.]},
    issn = {0018-9219},
    keywords = {TID, tsunami}
}

@article{ws_inpres_2010,
    title = {{Group velocity and energy flux in the thermosphere: Limits on the validity of group velocity in a viscous atmosphere}},
    year = {2011},
    journal = {Journal of Geophysical Research},
    author = {Walterscheid, R L and Hickey, M P},
    number = {D12},
    pages = {D12101},
    volume = {116},
    publisher = {American Geophysical Union}
}

@inproceedings{fitzgerald1994imn,
    title = {{Ionospheric measurements for the Non-Proliferation Experiment}},
    year = {1994},
    booktitle = {Proceedings of the Symposium on The Non-Proliferation Experiment (NPE): Results and Implications for Test Ban Treaties},
    author = {Fitzgerald, T J},
    editor = {Denny, Marvin D},
    number = {CONF-9404100},
    month = {4},
    pages = {7--23},
    organization = {U.S. Department of Energy}
}

@article{martinneira1993pra,
    title = {{A Passive Reflectometry and Interferometry System(PARIS)- Application to ocean altimetry}},
    year = {1993},
    journal = {ESA journal},
    author = {Martin-Neira, M.},
    number = {4},
    pages = {331--355},
    volume = {17}
}

@article{Otsuka06,
    title = {{GPS detection of total electron content variations over Indonesia and Thailand following the 26 December 2004}},
    year = {2006},
    journal = {Earth Planets Space},
    author = {Otsuka, Y and Kotake, N and Tsugawa, T and Shiokawa, K and Ogawa, T and Saito, S and KAWAMURA, M and MARUYAMA, T and Hemmakorn, N and Komolmis, T and {Effendy}},
    number = {2},
    pages = {159--165},
    volume = {58}
}

@article{garrison2007mdi,
    title = {{A method for detecting ionospheric disturbances and estimating their propagation speed and direction using a large GPS network}},
    year = {2007},
    journal = {Radio Sci},
    author = {Garrison, James L. and Lee, See-Chen G. C G and Haase, Jennifer S. and Calais, Eric},
    number = {6},
    month = {12},
    pages = {1--21},
    volume = {42},
    url = {http://www.agu.org/pubs/crossref/2007/2007RS003657.shtml},
    doi = {10.1029/2007RS003657},
    issn = {0048-6604}
}

@article{lowe2002cpa,
    title = {{5-cm-Precision aircraft ocean altimetry using GPS reflections}},
    year = {2002},
    journal = {Geophysical Research Letters},
    author = {Lowe, Stephen T and Zuffada, Cinzia and Chao, Yi and Kroger, Peter and Young, Larry E and LaBrecque, John L},
    number = {10},
    pages = {13--14},
    volume = {29},
    publisher = {Wiley Online Library},
    keywords = {physical oceanography}
}

@techreport{sefi2design,
    title = {{Design and Architecture of MIRA, a Ray-based Electromagnetic Code}},
    year = {2000},
    author = {Sefi, S},
    number = {2000:06},
    month = {10},
    pages = {34},
    institution = {Royal Institute of Technology (Stockholm, Sweden)},
    keywords = {multipath, multipath model}
}

@techreport{fitzgerald1993nighttime,
    title = {{Detection of Mining Explosions Using Ionospheric Techniques.}},
    year = {1993},
    author = {Fitzgerald, T J},
    number = {LAUR-93-3557},
    month = {12},
    institution = {Los Alamos National Lab.},
    address = {Los Alamos, New Mexico},
    keywords = {UGT, ionosphere, nuclear test}
}

@article{Mannucci:1998fk,
    title = {{Global mapping technique for GPS-derived ionospheric total electron content measurements}},
    year = {1998},
    journal = {Radio Science},
    author = {Mannucci, A J and Wilson, B D and Yuan, D N and Ho, C H and Lindqwister, U J and Runge, T R and B.D., Wilson and D.N., Yuan and C.H., Ho and U.J., Lindqwister and {and Runge T.F.}},
    number = {3},
    pages = {565--582},
    volume = {33},
    publisher = {American Geophysical Union},
    address = {[Washington, D.C.]},
    issn = {0048-6604}
}

@techreport{Clarizia2014a,
    title = {{Algorithm Theoretical Basis Document Level 2 Wind Speed RetrievalAlgorithm}},
    year = {2014},
    author = {Clarizia, Maria Paola},
    number = {January},
    url = {https://ctools.umich.edu/portal/site/5f4314e8-6495-4526-8b8d-340ab62ab08e/page/fdfb36e2-dc03-4f3e-ac09-846ea7e6a2ad}
}

@techreport{Zavorotny2013,
    title = {{Algorithm Theoretical Basis Document Level 2 Mean-Square Slope Retrieval}},
    year = {2013},
    author = {Zavorotny, Valery U},
    number = {December},
    url = {https://ctools.umich.edu/portal/site/5f4314e8-6495-4526-8b8d-340ab62ab08e/page/fdfb36e2-dc03-4f3e-ac09-846ea7e6a2ad}
}

@techreport{Gleason2014,
    title = {{Algorithm Theoretical Basis Document Level 1B DDM Calibration}},
    year = {2014},
    author = {Gleason, Scott},
    number = {January},
    url = {https://ctools.umich.edu/portal/site/5f4314e8-6495-4526-8b8d-340ab62ab08e/page/fdfb36e2-dc03-4f3e-ac09-846ea7e6a2ad}
}

@article{Neidig1973a,
    title = {{THE SUN}},
    year = {1973},
    author = {Neidig, D F and Radick, R R and Simon, G W}
}

@article{burg2006rbm,
    title = {{THE RELATIONSHIP BETWEEN MAXIMUM ENTROPY SPECTRA AND MAXIMUM LIKELIHOOD SPECTRA}},
    year = {2006},
    journal = {Geophysics},
    author = {Burg, J P},
    number = {2},
    pages = {375--376},
    volume = {37},
    publisher = {Society of Exploration Geophysicists}
}

@article{Hardya,
    title = {{WATER VAPOR, PRECIPITATION, CLOUDS, AND FOG}},
    journal = {140.172.184.81},
    author = {Hardy, KR and Izumi, Y and Kantor, AJ and Metcalf, JI},
    url = {ftp://140.172.184.81/STP/publications/miscellaneous/afrl{\_}publications/handbook{\_}1985/Chptr16.pdf}
}

@book{campbell1942fourier,
    title = {{Fourier integrals for practical applications}},
    year = {1942},
    author = {Campbell, G A and Foster, R M},
    publisher = {Princeton}
}

@article{Jekeli1973a,
    title = {{GEODESY AND GRAVITY}},
    year = {1973},
    journal = {Control},
    author = {Jekeli, C}
}

@article{yuehPALS,
    title = {{Passive and Active L-Band System and Observations during the 2007 CLASIC Campaign}},
    year = {2008},
    journal = {IEEE International Geoscience and Remote Sensing Symposium},
    author = {Yueh, S and Dinardo, S and Chan, S and Njoku, E and Jackson, T and Bindlish, R}
}

@article{trizna1985mdp,
    title = {{A model for Doppler peak spectral shift for low grazing angle sea scatter}},
    year = {1985},
    journal = {Oceanic Engineering, IEEE Journal of},
    author = {Trizna, D},
    number = {4},
    pages = {368--375},
    volume = {10}
}

@article{sarwate1980crosscorrelation,
    title = {{Crosscorrelation properties of pseudorandom and related sequences}},
    year = {1980},
    journal = {Proceedings of the IEEE},
    author = {Sarwate, Dilip V and Pursley, Michael B},
    number = {5},
    pages = {593--619},
    volume = {68},
    publisher = {IEEE}
}

@inproceedings{monerris2010gps,
    title = {{The GPS and RAdiometric Joint Observations experiment at the REMEDHUS site (Zamora-Salamanca region, Spain)}},
    year = {2010},
    booktitle = {Geoscience and Remote Sensing Symposium, 2009 IEEE International, IGARSS 2009},
    author = {Monerris, A and Rodriguez-Alvarez, N and Vall-llossera, M and Camps, A and Piles, M and Martinez-Fernandez, J and Sanchez-Martin, N and P{\'{e}}rez-Guti{\'{e}}rrez, C and Baroncini-Turricchia, G and Acevo, R and {others}},
    volume = {3},
    organization = {IEEE}
}

@article{lombardini2001mas,
    title = {{Multibaseline ATI-SAR for robust ocean surface velocity estimationin presence of bimodal Doppler spectrum}},
    year = {2001},
    journal = {Geoscience and Remote Sensing Symposium, 2001. IGARSS'01. IEEE 2001 International},
    author = {Lombardini, F and Gini, F and Matteucci, P},
    volume = {1}
}

@article{komjathy21ros,
    title = {{Retrieval of Ocean Surface Wind Speed and Wind Direction Using Reflected GPS Signals}},
    journal = {Journal of Atmospheric and Oceanic Technology},
    author = {Komjathy, A and Armatys, M and Masters, D and Axelrad, P and Zavorotny, V and Katzberg, S},
    number = {3},
    pages = {515--526},
    volume = {21},
    publisher = {American Meteorological Society},
    url = {http://dx.doi.org/10.1175/1520-0426(2004)021<0515:ROOSWS>2.0.CO;2}
}

@article{kazimirovsky1995mei,
    title = {{Meteorological effects in the ionosphere}},
    year = {1995},
    journal = {GEOMAGNETISM AND AERONOMY C/C OF GEOMAGNETIZM I AERONOMIIA},
    author = {Kazimirovsky, E S and Kokourov, V D},
    pages = {303--320},
    volume = {35},
    publisher = {AMERICAN GEOPHYSICAL UNION}
}

@article{shaw1996ors,
    title = {{Ocean ripple statistics measured with a scanning-laser glint sensor}},
    year = {1996},
    journal = {Geoscience and Remote Sensing Symposium, 1996. IGARSS'96.'Remote Sensing for a Sustainable Future.', International},
    author = {Shaw, J A and Churnside, J H},
    volume = {2}
}

@article{Ruff2008,
    title = {{Chapter 23 Identification, risks, and treatment of transient ischemic attack}},
    year = {2008},
    journal = {Handbook of Clinical Neurology},
    author = {Ruff, N},
    pages = {453--473},
    volume = {93},
    doi = {10.1016/S0072-9752(08)93023-2}
}

@article{cardellach2008nts,
    title = {{A new technique to sense non-Gaussian features of the sea surface from L-band bi-static GNSS reflections}},
    year = {2008},
    journal = {Remote Sensing of Environment},
    author = {Cardellach, E and Rius, A},
    number = {6},
    pages = {2927--2937},
    volume = {112},
    publisher = {Elsevier Science, Box 882 New York NY 10159 USA,},
    doi = {10.1016/j.rse.2008.02.003}
}

@article{richelson2001masint,
    title = {{MASINT: The New Kid in Town}},
    year = {2001},
    journal = {International Journal of Intelligence and Counterintelligence},
    author = {Richelson, J T},
    number = {2},
    pages = {149--192},
    volume = {14},
    publisher = {Routledge}
}

@article{ware1996gps,
    title = {{GPS sounding of the atmosphere from low Earth orbit: Preliminary results}},
    year = {1996},
    journal = {Bulletin of the American Meteorological Society},
    author = {Ware, R and Rocken, C and Solheim, F and Exner, M and Schreiner, W and Anthes, R and Feng, D and Herman, B and Gorbunov, M and Sokolovskiy, S and {others}},
    number = {1},
    pages = {19--40},
    volume = {77},
    publisher = {[Lancaster, Pa., etc., American Meteorological Society]},
    issn = {0003-0007}
}

@article{berger1972sau,
    title = {{Satellite altimetry using ocean backscatter}},
    year = {1972},
    journal = {Antennas and Propagation, IEEE Transactions on [legacy, pre-1988]},
    author = {Berger, T},
    number = {3},
    pages = {295--309},
    volume = {20}
}

@article{0,
    title = {{• ,-,.i 0}}
}

@misc{Nehmzow.pdf,
    title = {{nehmzow.pdf}}
}

@article{Q:,
    title = {{q : y :}},
    pages = {26--26},
    volume = {2}
}

@misc{NoTitle,
    title = {{No Title}}
}@article{walsh1974aen,
    title = {{Analysis of experimental NRL radar altimeter data}},
    year = {1974},
    journal = {Radio Science},
    author = {Walsh, E J},
    pages = {711},
    volume = {9}
}

@article{Calais95,
    title = {{GPS detection of ionospheric perturbations following the January 17, 1994, Northridge earthquake}},
    year = {1995},
    journal = {Geophysical Research Letters},
    author = {Calais, E and Minster, J B},
    pages = {1045--1048},
    volume = {22}
}

@article{Morgenstern2010,
    title = {{Physics. STM ready for the time domain.}},
    year = {2010},
    journal = {Science (New York, N.Y.)},
    author = {Morgenstern, Markus},
    number = {5999},
    month = {9},
    pages = {1609--10},
    volume = {329},
    url = {http://www.ncbi.nlm.nih.gov/pubmed/20938244},
    doi = {10.1126/science.1194918},
    issn = {1095-9203},
    pmid = {20929835}
}

@article{cox1954measurement,
    title = {{Measurement of the roughness of the sea surface from photographs of the sun's glitter}},
    year = {1954},
    journal = {Journal of the Optical Society of America},
    author = {Cox, C and Munk, W},
    number = {11},
    pages = {838--850},
    volume = {44}
}

@article{meehan2007tpo,
    title = {{TOGA, a prototype for an optimal orbiting GNSS-R instrument}},
    year = {2007},
    journal = {Geoscience and Remote Sensing Symposium, 2007. IGARSS 2007. IEEE International},
    author = {Meehan, T K and Esterhuizen, S and Franklin, G W and Lowe, S and Munson, T N and Robison, D and Spitzmesser, D J and Tien, J Y and Young, L E},
    pages = {5109--5112}
}

@article{germain2004eeg,
    title = {{The Eddy Experiment: GNSS-R speculometry for directional sea-roughness retrieval from low altitude aircraft}},
    year = {2004},
    journal = {Geophysical research letters},
    author = {Germain, O and Ruffini, G and Soulat, F and Caparrini, M and Chapron, B and Silvestrin, P},
    volume = {31},
    publisher = {American Geophysical Union},
    doi = {10.1029/2004GL020991}
}

@inproceedings{marchanhernandez2007pgr,
    title = {{PAU-GNSS/R, a real-time GPS-reflectometer for earth observation applications: architecture insights and preliminary results}},
    year = {2007},
    booktitle = {IEEE International Geoscience and Remote Sensing Symposium, 2007. IGARSS 2007},
    author = {Marchan-Hernandez, J F and Ramos-Perez, I and Bosch-Lluis, X and Camps, A and Rodr{\'{i}}guez-{\'{A}}lvarez, N and Albiol, D},
    pages = {5113--5116},
    keywords = {microwave radiometry}
}

@article{beggs1989sti,
    title = {{A study of travelling ionospheric disturbances over macquarie island using an oblique CW sounder}},
    year = {1989},
    journal = {Planetary and Space Science},
    author = {Beggs, H M and Butcher, E C},
    number = {8},
    pages = {967--977},
    volume = {37}
}

@article{blanc1989oid,
    title = {{Observation of ionospheric disturbances following a 5-kt chemical explosion. II-Prolonged anomalies and stratifications in the lower thermosphere after shock passage}},
    year = {1989},
    journal = {Radio Science},
    author = {Blanc, E and Jacobson, A R},
    pages = {739--746},
    volume = {24}
}

@article{Afraimovich98,
    title = {{GPS radio interferometery of travelling ionospheric disturbances}},
    year = {1998},
    journal = {Journal of Atmospheric and Solar-Terrestrial Physics},
    author = {Afraimovich, E L and Palamartchouk, K S and Perevalova, N P},
    pages = {1205--1223},
    volume = {60}
}

@article{afraimovich2000ddp,
    title = {{Determining dynamic parameters of different-scale ionospheric irregularities over northern Siberia}},
    year = {2000},
    journal = {Journal of Atmospheric and Solar-Terrestrial Physics},
    author = {Afraimovich, E L and Lipko, Y V and Vugmeister, B O},
    number = {2},
    pages = {133--140},
    volume = {62}
}

@article{bristow1999soj,
    title = {{Simultaneous observations of the July 1996 2-day wave event using the Super Dual Auroral Radar Network and the High Resolution Doppler Imager}},
    year = {1999},
    journal = {Journal of Geophysical Research},
    author = {Bristow, W A and Yee, J H and Zhu, X and Greenwald, R A},
    number = {A6},
    pages = {12715--12722},
    volume = {104}
}

@article{zuffada2003saw,
    title = {{Sensitivity analysis of wind vector measurements from ocean reflected GPS signals}},
    year = {2003},
    journal = {Remote Sensing of Environment},
    author = {Zuffada, C and Elfouhaily, T and Lowe, S},
    number = {3},
    pages = {341--350},
    volume = {88},
    publisher = {Elsevier Science},
    keywords = {physical oceanography}
}

@article{bailey1969solution,
    title = {{Solution of the coupled ion and neutral air equations of the mid-latitude ionospheric F2-layer}},
    year = {1969},
    journal = {Journal of Atmospheric and Terrestrial Physics},
    author = {Bailey, G J and Moffett, R J and Reshbeth, H},
    number = {2},
    pages = {253--270},
    volume = {31},
    publisher = {Elsevier}
}

@article{david2005effects,
    title = {{Effects of Multipath and Signal Blockage on GPS Navigation in the Vicinity of the International Space Station (ISS)}},
    year = {2005},
    journal = {Navigation},
    author = {Gaylor, E D and LIGHTSEY, E G and KEVIN, W},
    number = {2},
    volume = {52},
    publisher = {ION},
    keywords = {multipath, multipath model}
}

@incollection{spilker96,
    title = {{Global Positioning System: Theory and Applications}},
    year = {1996},
    author = {Spilker, J J},
    editor = {Parkinson, B W and Spilker, J J},
    chapter = {GPS Signal},
    pages = {57--119},
    series = {Progress in Astronautics and Aeronautics},
    volume = {I},
    publisher = {AIAA},
    address = {Washington, D.C.},
    keywords = {GNSS, signal processing}
}

@inproceedings{holmesacquisition,
    title = {{Acquisition and tracking performance of NRZ and square wave modulated symbols for use in GPS}},
    booktitle = {Proceedings of the 54th Annual Meeting of The Institute of Navigation},
    author = {Holmes, J K and Raghavan, S H and Lazar, S},
    pages = {611--626}
}

@article{you2006awg,
    title = {{The autocorrelation of waveforms generated from ocean-scattered GPS signals}},
    year = {2006},
    journal = {Geoscience and Remote Sensing Letters, IEEE},
    author = {You, H and Garrison, JL L and Heckler, G and Smajlovic, D},
    number = {1},
    pages = {78--82},
    volume = {3},
    url = {http://ieeexplore.ieee.org/xpl/freeabs{\_}all.jsp?arnumber=1576694}
}

@phdthesis{cohen_ms_2007,
    title = {{Relative Navigation for the Hubble Servicing Mission Using Reflected GPS Signals}},
    year = {2007},
    author = {Cohen, I},
    school = {University of Maryland},
    keywords = {bistatic radar, gps, multipath}
}

@article{hickey1997numerical,
    title = {{Numerical simulations of gravity waves imaged over Arecibo during the 10-day January 1993 campaign}},
    year = {1997},
    journal = {Journal of Geophysical Research},
    author = {Hickey, M P and Walterscheid, R L and Taylor, M J and Ward, W and Schubert, G and Zhou, Q and Garcia, F and Kelly, M C and Shepherd, G G},
    number = {A6},
    pages = {11475},
    volume = {102},
    publisher = {American Geophysical Union}
}

@unpublished{estrf2010_freilich,
    title = {{NASA Earth Science Technology Forum Keynote}},
    year = {2010},
    author = {Freilich, M H}
}

@article{peterson1970bro,
    title = {{Bistatic-Radar Observation of Long-Period, Directional Ocean-Wave Spectra with Loran A}},
    year = {1970},
    journal = {Science},
    author = {Peterson, A M and Teague, C C and Tyler, G L},
    number = {3954},
    pages = {158},
    volume = {170}
}

@article{stubbe1968frictional,
    title = {{Frictional forces and collision frequencies between moving ion and neutral gases}},
    year = {1968},
    journal = {Journal of Atmospheric and Terrestrial Physics},
    author = {Stubbe, P},
    number = {12},
    pages = {1965--1985},
    volume = {30},
    publisher = {Elsevier}
}

@article{leitinger2005tid,
    title = {{The TID model for modulation of large scale electron density models}},
    year = {2005},
    journal = {Ann. Geophysics},
    author = {Leitinger, R and Rieger, M},
    number = {3},
    pages = {515--523},
    volume = {48}
}

@article{elshenawee2002mcs,
    title = {{Monte Carlo simulations for clutter statistics in minefields: AP-mine-like-target buried near a dielectric object beneath 2-D random rough ground surfaces}},
    year = {2002},
    journal = {Geoscience and Remote Sensing, IEEE Transactions on},
    author = {El-Shenawee, M and Rappaport, C M},
    number = {6},
    pages = {1416--1426},
    volume = {40}
}

@article{ruf1988isa,
    title = {{Interferometric synthetic aperture microwave radiometry for theremote sensing of the Earth}},
    year = {1988},
    journal = {Geoscience and Remote Sensing, IEEE Transactions on},
    author = {Ruf, C S and Swift, C T and Tanner, A B and Le Vine, D M},
    number = {5},
    pages = {597--611},
    volume = {26}
}

@article{bruce-calculations,
    title = {{Calculations of unsteady-state gas flow through porous media}},
    year = {1953},
    journal = {Trans., AIME},
    author = {Bruce, G H and Peaceman, D W and Rachford, H H and Rice, J D},
    pages = {79--92},
    volume = {198}
}

@article{gleason2005dap,
    title = {{Detection and Processing of bistatically reflected GPS signals from low Earth orbit for the purpose of ocean remote sensing}},
    year = {2005},
    journal = {IEEE Transactions on Geoscience and Remote Sensing},
    author = {Gleason, S and Hodgart, S and Gommenginger, C and Mackin, S and Adjrad, M and Unwin, M},
    number = {6},
    month = {6},
    pages = {1229--1241},
    volume = {43},
    url = {http://ieeexplore.ieee.org/lpdocs/epic03/wrapper.htm?arnumber=1433022},
    doi = {10.1109/TGRS.2005.845643},
    issn = {0196-2892}
}

@article{Pu1992a,
    title = {{Propagation Effects for Land Mobile Satellite Systems : Propagation Effects for Land Mobile Satellite Systems : Overview of Experimental and Modeling Results}},
    year = {1992},
    journal = {Jet Propulsion},
    author = {Pu, Nasa Reference},
    number = {February}
}

@article{ducic2003irs,
    title = {{Ionospheric remote sensing of the Denali Earthquake Rayleigh surface waves}},
    year = {2003},
    journal = {Geophys. Res. Lett},
    author = {Ducic, V and Artru, J and Lognonne, P},
    number = {18},
    pages = {1951},
    volume = {30}
}

@article{Spjeldvik1970a,
    title = {{THE RADIATION BELTS}},
    year = {1970},
    author = {Spjeldvik, W N and Rothwell, P L}
}

@article{bezotosnyi1994aid,
    title = {{An analysis of ionospheric disturbance diurnal variation by nonequilibrium dynamics methods}},
    year = {1994},
    journal = {GEOMAGNETISM AND AERONOMY C/C OF GEOMAGNETIZM I AERONOMIIA},
    author = {Bezotosnyi, A A and Somsikov, V M},
    pages = {404--408},
    volume = {34},
    publisher = {AMERICAN GEOPHYSICAL UNION}
}

@article{bhatnagar1954model,
    title = {{A model for collision processes in gases. I. Small amplitude processes in charged and neutral one-component systems}},
    year = {1954},
    journal = {Physical Review},
    author = {Bhatnagar, P L and Gross, E P and Krook, M},
    number = {3},
    pages = {511--525},
    volume = {94},
    publisher = {APS}
}

@article{sabia2005iss,
    title = {{Impact on sea surface salinity retrieval of multi-source auxiliary data within the SMOS mission}},
    year = {2005},
    journal = {Geoscience and Remote Sensing Symposium, 2005. IGARSS'05. Proceedings. 2005 IEEE International},
    author = {Sabia, R and Camps, A and Reul, N and Vall-llossera, M},
    volume = {1},
    keywords = {microwave radiometry}
}

@article{Afraimovich00b,
    title = {{Determining parameters of large-scale traveling ionospheric disturbances of auroral origin using GPS-arrays}},
    year = {2000},
    journal = {Journal of Atmospheric and Solar-Terrestrial Physics},
    author = {Afraimovich, E L and Kosogorov, E A and Leonovich, L A and Palamartchouk, K S and Perevalova, N P and Pirog, O M},
    pages = {553--565},
    volume = {62}
}

@article{elfouhaily2004fti,
    title = {{Formal tilt invariance of the nonlocal curvature approximation and its connection to the integral equation method}},
    year = {2004},
    journal = {Geoscience and Remote Sensing Letters, IEEE},
    author = {Elfouhaily, T and Guignard, S and Thompson, D R},
    number = {2},
    pages = {51--56},
    volume = {1}
}

@article{hickey27secular,
    title = {{Secular variations of atomic oxygen in the mesopause region induced by transient gravity wave packets}},
    journal = {Geophysical Research Letters},
    author = {Hickey, M P and Walterscheid, R L and Richards, P G},
    number = {21},
    volume = {27},
    publisher = {American Geophysical Union}
}

@article{Buresa,
    title = {{A Model of Navigation in a Complex Maze Inspired by Hippocampus}},
    author = {Bures, M and Jirina, M and Republic, Czech}
}

@article{murata1974wave,
    title = {{Wave motions in the atmosphere and related ionospheric phenomena}},
    year = {1974},
    journal = {Space Science Reviews},
    author = {Murata, H},
    number = {4},
    pages = {461--525},
    volume = {16},
    publisher = {Springer}
}

@article{yunck2004aao,
    title = {{Atmospheric and Ocean Sensing with GNSS}},
    year = {2004},
    journal = {Earth Observation With Champ: Results From Three Years In Orbit},
    author = {Yunck, T P and Hajj, G A},
    publisher = {Springer}
}

@article{sauli2006wavelet,
    title = {{Wavelet characterisation of ionospheric acoustic and gravity waves occurring during the solar eclipse of August 11, 1999}},
    year = {2006},
    journal = {Journal of atmospheric and solar-terrestrial physics},
    author = {{\v{S}}auli, P and Abry, P and Bo{\v{s}}ka, J and Duchayne, L},
    number = {3-5},
    pages = {586--598},
    volume = {68},
    publisher = {Elsevier}
}

@article{macleod1966sporadic,
    title = {{Sporadic E Theory. I. Collision-Geomagnetic Equilibrium.}},
    year = {1966},
    journal = {Journal of Atmospheric Sciences},
    author = {MacLeod, M A},
    pages = {96--109},
    volume = {23}
}

@article{li1994bws,
    title = {{The blast wave of the Shuttle plume at ionospheric heights}},
    year = {1994},
    journal = {Geophysical Research Letters},
    author = {Li, Y Q and Jacobson, A R and Carlos, R C and Massey, R S and Taranenki, Y N and Wu, G},
    number = {24},
    pages = {2737},
    volume = {21}
}

@article{Retterer2003a,
    title = {{FORECASTING IONOSPHERIC DISTURBANCES TO COMMUNICATION AND NAVIGATION SYSTEMS}},
    year = {2003},
    author = {Retterer, J and Groves, K M and Burke, W J and Rich, F J and Basu, B and Joy, W and Jeong, L and Force, Air and Directorate, Space Vehicles},
    number = {September}
}

@article{katzberg2009comparison,
    title = {{Comparison of reflected GPS wind speed retrievals with dropsondes in tropical cyclones}},
    year = {2009},
    journal = {Geophysical Research Letters},
    author = {Katzberg, S J and Dunion, J},
    number = {17},
    volume = {36},
    publisher = {American Geophysical Union},
    doi = {10.1029/2009GL039512}
}

@article{Swider1976,
    title = {{Atmospheric formation of NO from N 2 (A³{$\Sigma$})}},
    year = {1976},
    journal = {Geophysical Research Letters},
    author = {Swider, William},
    number = {6},
    pages = {335},
    volume = {3},
    url = {http://www.agu.org/pubs/crossref/1976/GL003i006p00335.shtml},
    doi = {10.1029/GL003i006p00335},
    issn = {0094-8276}
}

@article{manalo1998analytic,
    title = {{Analytic forms of bidirectional reflectance functions for application to Earth radiation budget studies}},
    year = {1998},
    journal = {Journal of geophysical research},
    author = {Manalo-Smith, N and Smith, G L and Tiwari, S N and Staylor, W F},
    number = {D16},
    pages = {19719--19733},
    volume = {103},
    publisher = {American Geophysical Union}
}

@article{sabia:eos,
    title = {{EXTENDED OCEAN SALINITY ERROR BUDGET ANALYSIS WITHIN THE SMOS MISSION}},
    author = {Sabia, R and Camps, A and Vall-llossera, M},
    keywords = {microwave radiometry}
}

@techreport{macqueen1982analytic,
    title = {{Analytic model for surface ground motion with spall induced by underground nuclear tests}},
    year = {1982},
    author = {MacQueen, D H},
    institution = {Lawrence Livermore National Lab., CA (USA)}
}

@article{churnside1997slg,
    title = {{Scanning-laser glint measurements of sea-surface slope statistics}},
    year = {1997},
    journal = {Applied Optics},
    author = {Shaw, J A and Churnside, J A},
    number = {18},
    pages = {4202--4213},
    volume = {36},
    publisher = {OSA},
    keywords = {physical oceanography}
}

@article{stubbe1970simultaneous,
    title = {{Simultaneous solution of the time dependent coupled continuity equations, heat conduction equations, and equations of motion for a system consisting of a neutral gas, an electron gas, and a four component ion gas}},
    year = {1970},
    journal = {Journal of Atmospheric and Terrestrial Physics},
    author = {Stubbe, P},
    number = {5},
    pages = {865--903},
    volume = {32},
    publisher = {Elsevier}
}

@article{hickey2003gravity,
    title = {{Gravity wave packet effects on chemical exothermic heating in the mesopause region (DOI 10.1029/2002JA009363)}},
    year = {2003},
    journal = {JOURNAL OF GEOPHYSICAL RESEARCH-ALL SERIES-},
    author = {Hickey, M P and Huang, T Y and Walterscheid, R},
    number = {12; SECT 1},
    pages = {13},
    volume = {108},
    publisher = {AGU AMERICAN GEOPHYSICAL UNION}
}

@article{afraimovich2002gpl,
    title = {{Global Pattern of Large-Scale Ionospheric Disturbances during the Magnetic Storm of September 25, 1998, as Inferred from GPS Network Data}},
    year = {2002},
    journal = {Geomagnetism and Aeronomy},
    author = {Afraimovich, E L and Kosogorov, E A and Leonovich, L A and Pirog, O M},
    number = {4},
    pages = {467--473},
    volume = {42}
}

@article{wu1997pug,
    title = {{The potential use of GPS signals as ocean altimetry observables}},
    year = {1997},
    journal = {ION National Technical Meeting, Santa Monica, CA, Jan},
    author = {Wu, S C and Meehan, T and Young, L},
    keywords = {physical oceanography}
}

@article{sokolovskiy2009postprocessing,
    title = {{Postprocessing of L1 GPS radio occultation signals recorded in open-loop mode}},
    year = {2009},
    journal = {Radio Science},
    author = {Sokolovskiy, S and Rocken, C and Schreiner, W and Hunt, D and Johnson, J},
    number = {2},
    volume = {44},
    publisher = {American Geophysical Union},
    keywords = {occultation, open-loop}
}

@article{ao2009rising,
    title = {{Rising and setting GPS occultations by use of open-loop tracking}},
    year = {2009},
    journal = {J. Geophys. Res},
    author = {Ao, C O and Hajj, G A and Meehan, T K and Dong, D and Iijima, B A and Mannucci, A J and Kursinski, E R},
    volume = {114},
    keywords = {occultation, open-loop}
}

@article{anthes2008,
    title = {{The COSMIC/FORMOSAT-3 Mission: Early results}},
    year = {2008},
    journal = {Bulletin of the American Meteorological Society},
    author = {Anthes, R A and Bernhardt, P A and Chen, Y and Cucurull, L and Dymond, K F and Ector, D and Healy, S B and Ho, S P and Hunt, D C and Kuo, Y H and Liu, H and Manning, K and McCormick, C and Meehan, T K and Randel, W J and Rocken, C and Schreiner, W S and Sokolovskiy, S V and Syndergaard, S and Thompson, D C and Trenberth, K E and Wee, T K and Yen, N L and Zeng, Z},
    number = {3},
    pages = {313--333},
    volume = {89},
    keywords = {RADIO OCCULTATION MEASUREMENTS GLOBAL POSITIONING}
}

@article{Jensen2004b,
    title = {{Geometrical optics phase matching of radio occultation signals}},
    year = {2004},
    journal = {Radio Science},
    author = {Jensen, Arne Skov and Lohmann, Martin S. and Nielsen, Alan Steen and Benzon, Hans-Henrik},
    number = {3},
    month = {6},
    pages = {n/a-n/a},
    volume = {39},
    url = {http://doi.wiley.com/10.1029/2003RS002899},
    doi = {10.1029/2003RS002899},
    issn = {00486604}
}

@article{Sokolovskiy2013,
    title = {{Use of the L2C signal for inversions of GPS radio occultation data in the neutral atmosphere}},
    year = {2013},
    journal = {GPS Solutions},
    author = {Sokolovskiy, S. V. and Schreiner, W. S. and Zeng, Z. and Hunt, D. C. and Kuo, Y.-H. and Meehan, T. K. and Stecheson, T. W. and Mannucci, a. J. and Ao, C. O.},
    month = {10},
    url = {http://link.springer.com/10.1007/s10291-013-0340-x},
    doi = {10.1007/s10291-013-0340-x},
    issn = {1080-5370},
    keywords = {gps radio occultation {\'{a}}, signal tracking {\'{a}}}
}

@article{Healy2006a,
    title = {{Assimilation experiments with CHAMP GPS radio occultation measurements}},
    year = {2006},
    journal = {Quarterly Journal of the Royal Meteorological Society},
    author = {Healy, S. B. and Th{\'{e}}paut, J.-N.},
    number = {615},
    month = {1},
    pages = {605--623},
    volume = {132},
    url = {http://doi.wiley.com/10.1256/qj.04.182},
    doi = {10.1256/qj.04.182},
    issn = {00359009}
}

@article{Ringer2008a,
    title = {{Monitoring twenty-first century climate using GPS radio occultation bending angles}},
    year = {2008},
    journal = {Geophysical Research Letters},
    author = {Ringer, Mark a. and Healy, Sean B.},
    number = {5},
    month = {3},
    pages = {L05708},
    volume = {35},
    url = {http://doi.wiley.com/10.1029/2007GL032462},
    doi = {10.1029/2007GL032462},
    issn = {0094-8276},
    keywords = {GPS, climate change, climate monitoring, doi:10.1029/2007GL032462, http://dx.doi.org/10.1029/2007GL032462, radio occultation}
}

@article{Cucurull2007a,
    title = {{Assimilation of Global Positioning System Radio Occultation Observations into NCEP’s Global Data Assimilation System}},
    year = {2007},
    journal = {Monthly Weather Review},
    author = {Cucurull, L. and Derber, J. C. and Treadon, R. and Purser, R. J.},
    number = {9},
    month = {9},
    pages = {3174--3193},
    volume = {135},
    url = {http://journals.ametsoc.org/doi/abs/10.1175/MWR3461.1},
    doi = {10.1175/MWR3461.1},
    issn = {0027-0644}
}

@article{Syndergaard2005a,
    title = {{A Refractive Index Mapping Operator for Assimilation of Occultation Data}},
    year = {2005},
    journal = {Monthly Weather Review},
    author = {Syndergaard, Stig and Kursinski, E. Robert and Herman, Benjamin M. and Lane, Emily M. and Flittner, David E.},
    number = {9},
    month = {9},
    pages = {2650--2668},
    volume = {133},
    url = {http://journals.ametsoc.org/doi/abs/10.1175/MWR3001.1},
    doi = {10.1175/MWR3001.1},
    issn = {0027-0644}
}

@article{Healy2007,
    title = {{Assimilating GPS radio occultation measurements with two-dimensional bending angle observation operators}},
    year = {2007},
    journal = {Quarterly Journal of the Royal Meteorological Society},
    author = {Healy, S B and Eyre, J R and Hamrud, M and Th{\'{e}}paut, J.-N.},
    number = {626},
    month = {7},
    pages = {1213--1227},
    volume = {133},
    url = {http://doi.wiley.com/10.1002/qj.63},
    doi = {10.1002/qj.63},
    issn = {00359009},
    keywords = {4d-var satellite observations, accepted 1 march 2007, received 23 march 2006, revised 26 february 2007}
}

@article{Liu2003,
    title = {{Improvements to a GPS radio occultation ray-tracing model and their impacts on assimilation of bending angle}},
    year = {2003},
    journal = {Journal of Geophysical Research},
    author = {Liu, H.},
    number = {D17},
    pages = {4548},
    volume = {108},
    url = {http://doi.wiley.com/10.1029/2002JD003160},
    doi = {10.1029/2002JD003160},
    issn = {0148-0227},
    keywords = {doi:10.1029/2002JD003160, http://dx.doi.org/10.1029/2002JD003160}
}

@misc{Hegarty_etal_rs2001.pdf,
    title = {{hegarty{\_}etal{\_}rs2001.pdf}}
}