%
%  all.bib     June 3, 2002     Mark Senn
%
%  This is the BibTeX data file for a simple, example thesis.
%
%  I like to order the entries by author, and within author by year.
%  If, for example, I later added a second 1994 publication for Goossens,
%  I would give it the key, ``Goossens:1994b''.
%  

@misc{Kerr:2000,
   author = {Kerr, Yann H. and Font, Jordi and Waldteufel, Philippe and Berger, Michael},
   title = {The Soil Moisture and Ocean Salinity Mission - SMOS},
   pages = {18-25},
   year = {2000},
   type = {Newspaper Article}
}

@article{Wang:2009,
   author = {Wang, L. and Qu, J.J.},
   title = {Satellite remote sensing applications for surface soil moisture monitoring: A review},
   journal = {Frontiers of Earth Science in China},
   volume = {3},
   number = {2},
   pages = {237-247},
   ISSN = {1673-7385},
   year = {2009},
   type = {Journal Article}
}

@article{Entekhabi:2010,
   author = {Entekhabi, D. and Njoku, E. G. and O'Neill, P. E. and Kellogg, K. H. and Crow, W. T. and Edelstein, W. N. and Entin, J. K. and Goodman, S. D. and Jackson, T. J. and Johnson, J. and Kimball, J. and Piepmeier, J. R. and Koster, R. D. and Martin, N. and McDonald, K. C. and Moghaddam, M. and Moran, S. and Reichle, R. and Shi, J. C. and Spencer, M. W. and Thurman, S. W. and Leung, Tsang and Van Zyl, J.},
   title = {The Soil Moisture Active Passive (SMAP) Mission},
   journal = {PROCEEDINGS OF THE IEEE},
   volume = {98},
   number = {5},
   pages = {704-716},
   ISSN = {0018-9219},
   year = {2010},
   type = {Journal Article}
}

@article{Zavorotny:2010,
   author = {Zavorotny, V. U. and Larson, K. M. and Braun, J. J. and Small, E. E. and Gutmann, E. D. and Bilich, A. L.},
   title = {A Physical Model for GPS Multipath Caused by Land Reflections: Toward Bare Soil Moisture Retrievals},
   journal = {Selected Topics in Applied Earth Observations and Remote Sensing, IEEE Journal of},
   volume = {3},
   number = {1},
   pages = {100-110},
   ISSN = {1939-1404},
   DOI = {10.1109/JSTARS.2009.2033608},
   year = {2010},
   type = {Journal Article}
}

@article{Larson:2008,
   author = {Larson, Kristine M. and Small, Eric E. and Gutmann, Ethan D. and Bilich, Andria L. and Braun, John J. and Zavorotny, Valery U.},
   title = {Use of GPS receivers as a soil moisture network for water cycle studies},
   journal = {Geophys. Res. Lett.},
   volume = {35},
   number = {24},
   pages = {L24405},
   ISSN = {0094-8276},
   DOI = {10.1029/2008gl036013},
   url = {http://dx.doi.org/10.1029/2008GL036013},
   year = {2008},
   type = {Journal Article}
}

@inproceedings{Shah:2011,
   author = {Shah, Rashmi and Garrison, James L. and Grant, Michael S.},
   title = {Anisotropy in ocean scattering of bistatic radar using signals of opportunity},
   booktitle = {Geoscience and Remote Sensing Symposium (IGARSS), 2011 IEEE International},
   pages = {4229-4232},
   ISBN = {2153-6996},
   type = {Conference Proceedings}
}

 @misc{Matt:2014,
 	  author = {Matt Blaze},
      title  = {UHF SATCOM Satellite Downlinks Receivable in North America},
      year 	 = {2014}
      HowPublished = "\url{http://www.crypto.com/misc/uhf-sats/}",
      note = "[Online; accessed 14-09-2016]"
}
   
 @misc{ITU:2014,
      title  = {SNL Online},
      author = {ITU},
      HowPublished = "\url{http://www.itu.int/snl/freqtab_snl.html}",
      note = "[Online; accessed 14-09-2016]"
}

@Book{SatBook:2010,
  Title                    = {Communication Satellites (5th Edition)},
  Author                   = {Martin, Donald H. and Anderson, Paul R. and Bartamian, Lucy},
  Publisher                = {American Institute of Aeronautics and Astronautics/Aerospace Press},
  Year                     = {2010},

  ISBN                     = {978-1-884989-19-3},
  Type                     = {Book},
  Url                      = {http://www.knovel.com/web/portal/browse/display?_EXT_KNOVEL_DISPLAY_bookid=2920}
}

@Misc{Rohde_XM,
  Title                    = {{Vector Signal Generator R$\&$S SMIQ03S Test equipment for satellite supported broadcasting systems XM and SIRIUS}},
  Author                   = {Rohde $\&$ Schwarz Number},
  HowPublished             = {\url{http://cdn.rohde-schwarz.com/dl_downloads/dl_common_library/dl_news_from_rs/175/n175_smiq03s.pdf/}},
  Note                     = {[Online; accessed 18-May-2014]},
  Year                     = {2002}
}

@article{Jin:2011,
   author = {Jin, Shuanggen and Feng, G. P. and Gleason, S.},
   title = {Remote sensing using GNSS signals: Current status and future directions},
   journal = {Advances in Space Research},
   volume = {47},
   number = {10},
   pages = {1645-1653},
   ISSN = {0273-1177},
   DOI = {http://dx.doi.org/10.1016/j.asr.2011.01.036},
   url = {http://www.sciencedirect.com/science/article/pii/S0273117711000949},
   year = {2011},
   type = {Journal Article}
}

@article{Meissner:2004,
   author = {Meissner, T. and Wentz, F. J.},
   title = {The complex dielectric constant of pure and sea water from microwave satellite observations},
   journal = {Geoscience and Remote Sensing, IEEE Transactions on},
   volume = {42},
   number = {9},
   pages = {1836-1849},
   ISSN = {0196-2892},
   DOI = {10.1109/TGRS.2004.831888},
   year = {2004},
   type = {Journal Article}
}

@article{Saxton:1986,
   author = {Saxton, K. E. and Rawls, W. J. and Romberger, J. S. and Papendick, R. I.},
   title = {Estimating Generalized Soil-water Characteristics from Texture1},
   journal = {Soil Sci. Soc. Am. J.},
   volume = {50},
   number = {4},
   DOI = {10.2136/sssaj1986.03615995005000040039x},
   url = {https://www.soils.org/publications/sssaj/abstracts/50/4/1031},
   year = {1986},
   type = {Journal Article}
}

@book{Ulaby:1981,
   author = {Ulaby, F.T. and Moore, R.K. and Fung, A.K.},
   title = {Microwave Remote Sensing: From theory to applications},
   publisher = {Addison-Wesley Publishing Company, Advanced Book Program/World Science Division},
   ISBN = {9780890061923},
   url = {http://books.google.com/books?id=X9APAQAAIAAJ},
   year = {1981},
   type = {Book}
}

@article{Peplinski:1995,
   author = {Peplinski, N. R. and Ulaby, F. T. and Dobson, M. C.},
   title = {Dielectric properties of soils in the 0.3-1.3-GHz range},
   journal = {Geoscience and Remote Sensing, IEEE Transactions on},
   volume = {33},
   number = {3},
   pages = {803-807},
   ISSN = {0196-2892},
   DOI = {10.1109/36.387598},
   year = {1995},
   type = {Journal Article}
}

@article{Peplinski_correct:1995,
   author = {Peplinski, N. R. and Ulaby, F. T. and Dobson, M. C.},
   title = {Corrections to "Dielectric Properties of Soils in the 0.3-1.3-GHz Range"},
   journal = {Geoscience and Remote Sensing, IEEE Transactions on},
   volume = {33},
   number = {6},
   pages = {1340},
Space technology},
   ISSN = {0196-2892},
   DOI = {10.1109/TGRS.1995.477193},
   year = {1995},
   type = {Journal Article}
}

@article{Dobson:1985,
   author = {Dobson, M. C. and Ulaby, F. T. and Hallikainen, M. T. and El-Rayes, M. A.},
   title = {Microwave Dielectric Behavior of Wet Soil-Part II: Dielectric Mixing Models},
   journal = {Geoscience and Remote Sensing, IEEE Transactions on},
   volume = {GE-23},
   number = {1},
   pages = {35-46},
   ISSN = {0196-2892},
   DOI = {10.1109/TGRS.1985.289498},
   year = {1985},
   type = {Journal Article}
}

@phdthesis{Alejandro:2013,
   author = {Egido, Alejandro Egido},
   title = {GNSS Reflectometry for Land Remote Sensing Applications},
   university = {Universitat Polit ecnica de Catalunya},
   year = {2013},
   type = {Thesis}
}

@phdthesis{Valencia:2012,
	author = {E. Valencia Dom√®nech},
	title = {Ocean monitoring using L-Band microwave radiometry and GNSS-R},
  	university = {Universitat Politecnica de Catalunya},
    year = {2012},
    type = {Thesis}
}

@misc{k7web,
  author = {Martin E. Meserve},
  title = {VHF/UHF Yagi Antenna Feed Design},
  year = 2004,
  howpublished = "\url {http://www.k7mem.com/Electronic_Notebook/antennas/yagi_vhf_feed.html}",
  note = "[Online; accessed 14-09-2016]"
}

@misc{Steve:2010,
  author = {Steve Douglass },
  title = {DIY: Military UHF SATCOM antenna PART FOUR-1},
  year = 2010,
  howpublished = "\url{http://deepbluehorizon.blogspot.com/2010/09/how-to-build-5000-dollar-uhf-satcom.html}",
  note = "[Online; accessed 14-09-2016]"
}

@book{Long:2001,
   author = {Long, M.W.},
   title = {Radar Reflectivity of Land and Sea},
   publisher = {Artech House},
   ISBN = {9781580531535},
   url = {https://books.google.com/books?id=dViA4u8ak0IC},
   year = {2001},
   type = {Book}
}